1586 2704
89 69 184 110 304
421 77 467 111 P.
505 77 752 112 V1RG1L11
798 77 1060 112 MAnoNJs

89 188 374 250 Aggeribus,
399 197 556 236 tantas
582 199 757 252 strages
786 191 978 252 impune
1002 207 1082 251 per
1111 190 1277 236 urbem

93 254 347 300 Ediderit't
375 255 605 315 juvenum
635 258 811 318 primos
840 267 909 303 tot
940 256 1112 301 miserit
1139 257 1312 306 Orco?

89 319 199 365 Non
226 319 424 366 infelicis
445 323 630 383 patriae,
657 332 962 383 veterumque
991 324 1216 376 Deorum,

88 386 145 431 Et
174 386 330 447 magni
352 387 513 434 AEneae
539 404 701 444 segnes
731 389 1012 449 miseretque
1042 387 1321 450 pudetque!

152 451 350 498 Talibus
375 454 565 500 accensi
590 452 855 509 firmantur,
881 464 925 498 et
950 454 1135 514 agmine
1163 453 1309 498 denso

87 516 383 565 Consistunt.
450 519 643 564 Turnus
670 519 896 580 paulatim
924 519 1155 565 excedere
1181 527 1353 580 pugna,

86 582 149 630 Et
172 582 367 630 fluvium
394 593 550 646 petere
575 599 631 629 ac
654 592 834 645 partem
863 600 970 645 quae
995 584 1201 644 cingitur
1224 591 1368 637 amni.

87 650 260 696 Acrius
276 650 366 696 hoc
386 649 564 695 Teucri
582 650 784 695 clamore
801 650 1073 696 incumbere
1091 662 1386 711 magno,79t

86 714 145 760 Et
163 715 419 777 glomerare
446 732 652 761 manum.
705 717 802 761 Ceu
830 731 1006 762 saevum
1037 715 1178 762 turba
1203 717 1389 766 leonem

86 780 208 827 Cum
235 781 342 827 tel-s
369 782 543 842 premit
568 781 756 827 infensis
779 799 790 835 ;
828 790 877 828 at
902 781 1091 828 territus
1118 781 1194 828 itte

89 850 262 909 Asper,
287 847 460 893 acerba
481 855 632 902 tuens,
651 855 773 893 retro
798 848 948 894 redit:
984 856 1032 894 et
1051 863 1204 909 neque
1231 855 1362 909 terga

87 912 163 958 Ira
189 912 300 959 dare
323 922 404 959 aut
430 914 574 960 virtus
598 914 806 973 patitur;
848 930 934 959 nec
963 913 1153 959 tendere
1181 911 1349 959 contra

86 978 171 1025 llte
188 979 379 1042 quidem
398 980 488 1026 hoc
506 979 703 1041 cupiens
722 980 847 1040 potis
863 988 934 1025 est
953 996 1034 1041 per
1048 978 1140 1026 tela
1155 979 1392 1039 virosque:

89 1045 231 1091 Haud
253 1044 384 1091 aliter
410 1056 535 1093 retro
562 1046 736 1092 dubius
762 1046 961 1107 vestigia
984 1046 1179 1092 Turnus

86 1111 417 1173 Improperata
440 1112 600 1168 refert,
617 1119 663 1157 et
689 1127 820 1157 mens
844 1120 1075 1158 exaestuat
1099 1111 1185 1158 ira.

86 1177 215 1230 Quin
242 1177 381 1223 etiam
411 1177 483 1224 bis
502 1187 602 1224 tum
629 1178 809 1223 medios
835 1178 1065 1224 invaserat
1091 1178 1270 1236 hostes,

86 1242 167 1289 Bis
190 1259 420 1289 conversa
444 1243 555 1304 fuga
576 1259 662 1305 per
689 1257 844 1288 muros
859 1243 1048 1304 agmina
1074 1243 1230 1289 vertit.
1291 1252 1386 1293 800

84 1307 183 1355 Sed
206 1324 371 1355 manus
390 1326 415 1355 e
435 1310 601 1356 castris
622 1310 823 1371 propere
850 1310 947 1355 coit
971 1309 1121 1356 omnis
1147 1309 1195 1355 in
1219 1324 1384 1358 unum.

85 1374 191 1422 Nec
213 1374 380 1422 contra
407 1376 527 1422 vires
551 1377 695 1422 audet
722 1375 951 1423 Saturnia
971 1376 1098 1422 Juno

85 1441 342 1494 Sufficere;
379 1442 554 1488 aeriam
583 1441 708 1489 coelo
734 1457 841 1488 nam
865 1442 1051 1503 Jupiter
1073 1441 1179 1488 Irim

85 1507 304 1565 Demisit,
321 1524 559 1570 germanae
586 1507 709 1554 haud
731 1507 888 1553 mollia
909 1508 1046 1568 jussa
1071 1507 1294 1554 ferentem
1315 1526 1328 1564 ς

85 1573 149 1619 Ni
172 1573 366 1619 Turnus
391 1574 533 1620 cedat
556 1574 854 1620 Teucrorum
884 1575 1118 1620 moenibus
1142 1574 1264 1620 altis.

88 1639 212 1701 Ergb
238 1655 325 1686 nec
353 1639 724 1702 clypeojuvenis
751 1640 1007 1686 subsistere
1034 1639 1237 1695 tantum,

85 1705 192 1752 Nec.
214 1704 380 1752 dextra
403 1707 560 1752 valet:
599 1705 783 1766 injectis
810 1705 877 1751 sic
906 1706 1118 1767 undique
1145 1705 1245 1751 telis

87 1771 337 1818 Obruitur.
375 1773 557 1834 Strepit
581 1771 773 1818 assiduo
799 1787 917 1818 cava
943 1780 1156 1833 tempora
1181 1771 1359 1818 circum

86 1838 282 1884 Tinnitu
308 1839 459 1900 galea,
486 1848 533 1884 et
560 1838 681 1884 saxis
708 1837 857 1883 solida
878 1854 969 1884 aera
997 1838 1259 1892 fatiscunt;

88 1904 432 1967 Discussaeque
451 1905 589 1966 jubae
609 1905 770 1966 capiti,
798 1921 882 1950 nec
908 1903 1078 1950 sufficit
1108 1905 1252 1950 umbo
1298 1913 1395 1954 810

88 1969 301 2026 Ictibus;
341 1970 632 2031 ingeminant
658 1971 804 2017 hastis
831 1978 877 2016 et
901 1972 1066 2026 Troes,
1092 1980 1138 2017 et
1166 1972 1263 2032 ipse

89 2036 362 2084 Fulmineus
390 2036 687 2083 Mnestheus.
755 2037 877 2083 Turn
907 2045 1007 2082 toto
1025 2052 1225 2098 corpore
1249 2038 1396 2085 sudor

89 2102 338 2164 Liquitur;
377 2112 424 2150 et
449 2102 658 2166 piceum,
679 2119 768 2149 nec
795 2103 1023 2165 respirare
1047 2112 1274 2163 potestas,

90 2169 286 2215 Flumen
311 2170 438 2230 agit:
477 2170 630 2216 fessos
655 2170 813 2231 quatit
847 2184 971 2229 aeger
994 2168 1229 2215 anhelitus
1253 2179 1394 2219 artus.

88 2236 212 2282 Tum
238 2237 428 2282 demum
457 2251 673 2297 praeceps
703 2237 822 2282 saltu
851 2251 950 2282 sese
977 2236 1196 2280 omnibus
1222 2238 1362 2283 armis

90 2301 143 2347 In
168 2299 357 2347 fluvium
385 2300 550 2348 dedit:
588 2302 662 2348 ille
688 2318 773 2348 suo
800 2317 908 2347 curn
935 2301 1116 2362 gurgite
1142 2300 1265 2346 flavo

91 2367 293 2429 Accepit
320 2368 604 2422 venientem,
631 2385 684 2413 ac
713 2367 932 2414 mollibus
957 2368 1124 2413 extulit
1154 2368 1319 2421 undis;

91 2433 151 2479 Et
176 2433 333 2481 laetum
363 2433 505 2481 sociis
537 2434 697 2481 abiut-21
721 2434 854 2480 caede
880 2433 1075 2479 remisit.
