1546 2686
497 94 777 126 GssoacucA.
817 95 917 127 Lm.
945 96 999 128 1v
1348 84 1408 130 85

118 209 223 256 Stat
246 208 434 255 fortuna
456 207 638 263 domus,
664 215 712 255 et
735 210 810 255 avi
834 217 1140 257 numerantur
1162 226 1371 258 avorum.

180 275 412 320 Praeterea
426 288 586 334 regem
601 288 696 319 non
711 275 778 320 sic
795 273 1044 336 AEgyptus,
1059 283 1105 321 et
1120 277 1286 337 ingens
1311 280 1364 322 2]
1375 279 1408 323 Ο

113 338 277 401 Lydia,
287 352 373 383 nec
382 338 545 397 populi
556 338 853 394 Parthorum,
866 345 948 385 aut
955 339 1069 385 Med
1076 357 1127 386 us
1141 341 1186 386 H
1193 342 1404 402 ydaspeS,

115 403 392 449 Observant.
436 402 571 463 Rege
587 403 812 449 incolumi
828 419 957 450 mens
973 406 1189 450 omnibus
1205 421 1298 451 una
1313 412 1405 460 est;

112 468 313 519 Amisso,
340 482 508 527 rupere
532 467 688 522 fidem,
714 474 1078 531 constructaque
1101 469 1239 516 mella

117 529 362 590 Diripuere
386 533 519 594 ipsae,
556 541 604 579 et
625 541 779 580 crates
799 534 979 580 solvere
1003 534 1234 580 favorum.

117 597 198 642 llle
219 613 415 657 operum
459 609 653 654 custos;
692 599 823 648 illum
857 601 1159 656 admirantur,
1198 609 1244 645 et
1269 616 1430 647 omnes

113 661 633 713 Circumstantfremitu
651 666 816 725 denso,
841 668 1115 731 stipantque
1140 666 1428 728 frequentes,

111 729 174 774 Et
197 744 325 792 saepe
343 732 568 780 attollunt
587 733 814 791 humeris,
851 742 898 781 et
922 750 1120 796 corpora
1145 734 1269 780 bello
1295 734 1427 795 [tem.

111 794 395 856 Objectant,
423 799 768 862 pulchramque
794 809 962 864 petunt
985 816 1067 863 per
1092 801 1283 863 vulnera
1307 815 1429 846 rnor-

185 862 269 908 His
294 863 488 925 quidam
515 866 675 928 signis,
703 877 847 930 atque
875 869 976 914 haec
1002 867 1216 928 exempla
1242 867 1408 922 secuti,

113 927 229 974 Esse
253 930 423 991 apibus
444 941 628 993 partem
650 933 822 981 divinae
847 935 1029 990 mentis,
1051 942 1096 980 et
1116 934 1306 979 haustus
1333 940 1428 982 220

112 995 345 1042 AEtherios
370 996 560 1045 dixere:
599 1001 755 1046 Deum
781 1017 985 1063 namque
1003 1001 1066 1046 ire
1092 1016 1176 1062 per
1200 1015 1360 1046 omnes

109 1060 401 1124 Terrasque,
440 1072 717 1128 tractusque
749 1068 906 1124 maris,
944 1067 1205 1129 coelumque
1229 1066 1427 1128 profun-

239 1128 370 1175 dum.
1284 1134 1425 1194 [rum.

111 1193 236 1241 Hinc
262 1195 490 1257 pecudeS,
528 1208 754 1257 armenta,
793 1201 930 1257 virm,
969 1216 1115 1263 genus
1149 1214 1289 1244 omne
1314 1199 1428 1246 fera·

111 1261 366 1324 Quemque
386 1263 475 1310 sibi
496 1273 662 1313 tenues
687 1275 955 1314 nascentem
982 1282 1221 1313 arcessere
1245 1265 1386 1313 vitas.

110 1327 305 1375 Scilicet
326 1330 418 1375 huc
445 1331 577 1378 reddi
599 1333 783 1389 deinde,
822 1350 876 1380 ac
900 1333 1104 1381 resoluta
1129 1332 1287 1378 referri

110 1393 317 1449 Omnia;
356 1411 443 1441 nec
466 1400 604 1445 morti
627 1416 729 1446 esse
764 1400 918 1446 locum
942 1419 953 1456 ς
993 1399 1075 1457 sed
1103 1398 1206 1444 viva
1233 1399 1388 1444 volare

109 1460 284 1507 Sideris
310 1460 354 1505 in
381 1477 644 1522 numerum,
684 1474 824 1528 atque
844 1468 941 1513 alto
958 1465 1210 1513 succedere
1236 1465 1375 1511 coelo.

177 1528 226 1574 Si
251 1528 445 1588 quando
471 1530 631 1577 sedem
658 1541 922 1594 augustam,
960 1539 1237 1593 servataque
1260 1531 1395 1577 mella

109 1593 360 1640 Thes-auris
382 1597 543 1642 relines
564 1614 574 1649 :
613 1597 744 1660 prius
769 1599 939 1645 haustu
965 1614 1150 1659 sparsus
1176 1614 1424 1659 aquarum,

109 1659 206 1706 Ora
224 1660 348 1714 fove,
368 1661 618 1726 fumosque
639 1680 778 1711 manu
799 1665 1039 1728 praetende
1061 1680 1307 1726 sequaces.
1331 1671 1426 1712 230

109 1727 185 1772 Bis
202 1727 422 1788 gravidos
439 1738 619 1792 cogunt
643 1729 798 1791 foetus,
835 1732 931 1777 duo
956 1740 1171 1792 tempora
1197 1730 1376 1776 messis.

106 1791 322 1856 Taygete
343 1795 479 1841 simul
506 1812 557 1842 os
574 1797 705 1842 terris
723 1797 932 1845 ostendit
958 1798 1202 1843 honestum

107 1858 276 1915 Pleias,
315 1870 361 1907 et
387 1861 568 1909 Oceani
593 1874 772 1924 spretos
799 1863 920 1925 pede
937 1863 1142 1927 reppulit
1168 1879 1359 1917 amnes;

107 1927 206 1973 Aut
225 1926 388 1973 eadem
415 1929 543 1974 sidus
562 1929 744 1991 fugiens
771 1930 853 1976 ubi
874 1931 1022 1977 Piscis
1046 1929 1228 1992 aquosi,

104 1991 312 2039 Tristior
337 1995 568 2056 hybernas
595 1996 718 2041 coelo
743 1997 990 2043 descendit
1007 1997 1051 2042 in
1076 1996 1243 2042 undas.

106 2058 207 2105 Illis
233 2060 301 2105 ira
327 2062 519 2107 modum
540 2077 683 2124 supra
708 2071 796 2119 est,
835 2064 1054 2125 laesaeque
1082 2079 1308 2110 venenum

107 2125 352 2172 Morsibus
378 2127 624 2190 inspirant,
663 2140 709 2174 et
733 2130 917 2192 spicula
944 2146 1071 2176 caeca
1098 2130 1372 2190 relinquunt

104 2191 272 2238 Affixae
298 2194 444 2249 venis,
482 2195 759 2257 animasque
784 2196 829 2242 in
865 2197 1052 2242 vulnere
1080 2204 1276 2257 ponunt.

172 2258 249 2304 Sin
267 2256 435 2305 duram
462 2269 675 2307 metuens
698 2263 928 2324 hyemem,
951 2279 1211 2325 parcesque
1246 2262 1420 2316 futuro,

108 2323 437 2387 Contusosque
450 2330 630 2373 animos
647 2335 693 2374 et
718 2345 788 2374 res
813 2330 1093 2376 miserabere
1110 2330 1305 2383 fractas;
1329 2337 1424 2377 240

107 2391 172 2436 At
196 2390 351 2437 suffire
377 2395 554 2456 thymo,
591 2410 817 2456 cerasque
843 2396 1051 2442 recidere
1079 2396 1237 2443 inanes

108 2454 228 2509 Quis
247 2456 466 2505 dubitet?
503 2476 606 2506 nam
635 2477 759 2523 saepe
784 2461 919 2509 favos
944 2462 1133 2524 ignotus
1158 2462 1324 2510 adedit

107 2521 269 2570 Stellio
289 2539 303 2580 ς
340 2532 386 2571 et
410 2525 632 2589 lucifugis
653 2536 877 2589 congesta
899 2529 1078 2576 cubilia
1098 2529 1288 2585 blattis;

709 2598 747 2644 C
771 2605 797 2645 ‘2
