1607 2700
146 69 241 108 250
477 73 524 106 Ρ.
565 72 815 104 witelmi
857 71 1121 106 MARoMs

143 192 472 248 Quadrifidam
500 208 728 255 quercum
754 193 915 238 cuneis
942 200 995 238 ut
1020 192 1141 238 forte
1175 192 1351 238 coactis

142 260 590 323 Scindebatsrapta
615 259 799 320 spirans
826 259 1027 305 immane
1054 258 1221 305 securi.
1357 265 1456 305 510

206 328 271 372 At
296 342 421 371 saeva
443 342 471 372 e
488 326 695 388 speculis
721 334 910 387 tempus
937 326 1040 371 Dea
1064 332 1205 370 nacta
1230 326 1454 378 nocendi,

139 391 304 439 Ardua
328 401 458 438 tecta
482 393 604 454 petit
625 392 817 448 stabuli,
847 400 895 437 et
918 391 975 436 de
1001 392 1208 437 culmine
1235 407 1421 436 summo

139 458 383 505 Pastorale
409 459 536 505 canit
561 459 762 519 signum,
791 473 1036 518 cornuque
1053 473 1256 505 recurvo

137 524 417 571 Tartaream
442 524 644 570 intendit
667 540 867 570 vtocem
909 524 1003 585 qua
1028 534 1253 587 protenus
1282 540 1341 569 oi
1333 539 1423 568 ine

140 591 442 638 Contremuit
465 607 646 646 nemus,
671 601 717 636 et
745 589 873 636 silvae
891 589 1137 637 intonuere
1161 590 1432 665 profundae.

137 657 304 704 Audiit
327 667 374 704 et
393 658 571 703 Triviae
595 657 733 717 longe
759 657 910 713 lacus,
938 656 1092 703 audiit
1109 658 1260 703 amuis

139 723 366 770 Sulfurea
393 724 492 770 Nar
516 724 657 769 albus
682 723 826 785 aqua,
855 722 1113 785 fontesque
1138 724 1318 776 Velini;

137 789 202 836 Et
225 790 426 853 trepidae
447 799 618 836 matres
642 806 858 853 pressere
883 789 944 835 ad
969 798 1167 852 pectora
1186 797 1340 835 natos.

202 857 330 903 Tum
349 856 458 903 vero
475 857 534 902 ad
554 874 718 903 vocem
733 857 927 913 celereS,
944 856 1038 919 qua
1050 856 1255 903 buccina
1273 856 1457 918 siguum

138 922 257 968 Dira
280 923 429 978 dedit,
456 924 609 987 raptis
635 932 927 970 concurrunt
952 923 1165 985 undique
1191 922 1295 968 telis
1364 929 1461 969 520

137 989 365 1035 Indomiti
390 991 648 1052 agricolae:
684 1007 870 1036 necnon
897 998 945 1037 et
967 990 1118 1036 Troia
1143 990 1294 1051 pubes

137 1056 349 1102 Ascanio
374 1057 602 1103 auxilium
629 1058 793 1103 castris
818 1056 1018 1103 effundit
1044 1058 1234 1118 apertis.

139 1121 367 1169 Direxere
391 1124 548 1170 acies:
589 1124 797 1185 noujam
825 1124 1078 1170 certamine
1104 1123 1291 1184 agresti,

139 1188 397 1251 stipitibus
423 1189 552 1236 duris
577 1191 748 1251 agitur,
787 1190 1046 1237 sudibusve
1070 1191 1291 1252 praeustis
1313 1207 1324 1241 ;

138 1256 232 1302 Sed
256 1254 379 1302 ferro
400 1257 599 1319 ancipiti
620 1257 902 1312 decernunt,
928 1266 1124 1318 atraque
1144 1257 1238 1303 late

137 1323 387 1369 Horrescit
413 1324 591 1370 strictis
618 1340 749 1385 seges
774 1324 984 1381 ensibus,
1013 1340 1202 1384 aeraque
1226 1323 1414 1384 fulgent

140 1389 251 1436 Sole
276 1389 517 1447 lacessita,
541 1400 588 1437 et
613 1391 768 1437 lucem
795 1390 884 1436 sub
900 1390 1064 1437 nubila
1080 1390 1290 1450 jactant.

138 1455 336 1502 Fluctus
359 1453 428 1502 uti
455 1459 610 1519 primo
637 1457 786 1519 coepit
810 1458 920 1503 cum
946 1457 1189 1504 albescere
1215 1469 1372 1514 vento,

138 1522 378 1568 Paulatim
404 1540 507 1570 sese
528 1524 652 1570 tollit
679 1540 821 1581 mare,
859 1533 904 1569 et
931 1523 1074 1570 altius
1100 1526 1249 1570 undas

139 1589 308 1650 Erigit,
335 1588 446 1635 inde
471 1592 564 1636 imo
585 1591 831 1653 consurgit
855 1590 915 1635 ad
942 1590 1120 1637 aethera
1145 1591 1311 1637 fund0.
1365 1598 1461 1640 530

207 1655 505 1717 Hicjuvenis
519 1658 718 1718 primam
731 1668 840 1703 ante
853 1659 1003 1703 aciem
1023 1656 1251 1703 stridente
1263 1658 1457 1719 sagitta,

139 1722 376 1769 Natorum
396 1723 573 1785 Tyrrhi
599 1725 757 1771 suerat
782 1724 865 1785 qui
890 1723 1141 1778 maximus,
1162 1724 1305 1769 Almo

140 1788 397 1844 Sternitur;
435 1790 572 1836 haesit
591 1791 713 1836 enirn
740 1792 831 1837 sub
857 1798 1049 1851 gutture
1074 1791 1261 1846 vulnus,
1287 1799 1333 1836 et
1351 1789 1458 1836 uu'ae

139 1855 284 1902 Vocis
309 1855 413 1911 iter,
441 1864 729 1919 tenuemque
756 1857 952 1903 inclusit
976 1857 1201 1919 sanguine
1226 1857 1389 1904 vitam.

141 1923 356 1983 Corpora
380 1923 524 1970 multa
553 1924 702 1971 virum
730 1925 887 1977 circa;
928 1924 1178 1985 seniorque
1203 1924 1424 1979 Galesus,

142 1990 271 2035 Dum
298 1989 408 2051 paci
433 1990 645 2037 medium
667 2008 716 2038 se
742 1991 901 2048 offert,
919 1990 1217 2050 justissimus
1242 2007 1362 2038 unus

144 2055 238 2109 Qui
265 2055 373 2112 fuit,
400 2059 722 2120 Ausoniisque
746 2058 858 2104 olim
885 2058 1151 2104 ditissimus
1177 2058 1318 2104 arvis.

145 2121 369 2183 Quinque
389 2139 551 2185 greges
577 2125 639 2170 illi
667 2125 928 2181 balantum,
951 2125 1097 2186 quina
1121 2123 1341 2172 redibant

145 2190 394 2246 Armenta,
421 2199 470 2236 et
494 2199 668 2238 terram
695 2201 888 2238 centum
915 2193 1134 2237 vertebat
1157 2192 1341 2237 aratris.
1365 2197 1460 2247 539

202 2257 365 2316 Atque
375 2272 430 2301 ea
441 2273 527 2318 per
543 2274 743 2320 campos
761 2275 900 2321 aequo
917 2258 1030 2304 dum
1048 2257 1203 2304 Marte
1218 2266 1461 2320 geruntur,

147 2321 374 2368 Promissi
400 2323 504 2370 Dea
528 2323 657 2371 facta
676 2334 866 2387 potens,
895 2324 978 2371 ubi
1001 2325 1228 2386 sanguine
1255 2325 1431 2372 bellum

149 2388 346 2444 Imbuit‚
372 2397 419 2434 et
443 2390 610 2453 primae
630 2393 869 2438 commisit
893 2392 1060 2438 funera
1080 2407 1254 2453 pugnae
1275 2412 1288 2449 ;

149 2454 339 2502 Deserit
358 2455 655 2520 Hesperiam,
682 2467 745 2515 et,
772 2459 878 2507 coeli
899 2474 1108 2506 convexa
1127 2473 1212 2521 per
1237 2475 1399 2517 auras,
