1607 2700
195 148 289 196 ‘270
559 156 605 190 P.
633 155 880 192 VIRGth
907 157 1153 193 MARONIS

191 279 258 325 L't
282 286 471 324 ventum
499 279 560 326 ad
589 280 722 326 sedes
745 297 755 326 :
800 281 933 337 Haec,
959 280 1128 355 inquit,
1155 278 1320 326 limina
1345 279 1499 327 victor

191 345 385 391 Alcides
412 345 579 400 subiit;
619 347 723 392 haec
751 348 881 392 illum
908 349 1034 408 regia
1060 349 1203 409 cepit.

191 412 344 467 Ande,
375 411 563 474 hospes,
590 423 896 459 contemnere
923 430 1051 475 opes,
1079 422 1126 459 et
1145 421 1190 459 te
1208 411 1516 486 quoquedig-

193 478 339 538 Finge
368 480 487 535 Deo,
513 480 754 541 rebusque
780 479 882 524 veni
903 495 997 524 non
1018 496 1157 540 asper
1177 480 1353 541 egenis
1383 479 1517 541 [num

193 544 344 598 Dixit,
373 553 421 591 et
446 545 637 607 angusti
663 545 828 591 subter
853 544 1045 605 fastigia
1069 545 1187 591 tecti

195 611 440 672 Ingentem
467 612 660 657 AEneam
689 611 840 665 (luxit,
868 612 1133 672 stratisque
1152 611 1345 667 locavit,

194 677 424 723 Effultum
451 677 576 722 foliis
601 685 647 722 et
672 677 794 739 pelle
821 677 1085 739 Lib3-stidis
1113 694 1245 723 nrsae.

259 744 370 789 Nox
394 743 505 798 ruit,
534 753 581 790 et
606 743 753 790 fuscis
781 744 993 790 tellurem
1021 744 1324 804 amplectitur
1349 744 1449 790 alis.

194 813 258 855 At
271 811 432 855 Venus
447 810 573 855 haud
593 811 752 856 animo
769 810 1090 872 nequicquam
1107 810 1332 857 exterrita
1349 819 1517 866 mater,

192 877 579 938 Laurentumque
607 877 742 922 minis
769 887 815 924 et
843 877 964 922 duro
993 885 1115 922 mota
1143 876 1369 932 tumultu,
1423 883 1515 929 371

192 944 460 990 Vulcanum
501 944 785 1005 alloquitur3
826 943 1133 1005 thalamoque
1160 943 1264 990 haec
1302 942 1519 1005 conjugis

326 1027 469 1056 aureo

193 1073 387 1135 Incipit,
413 1082 458 1119 et
484 1073 625 1119 dictis
651 1073 863 1120 divinum
891 1074 1071 1137 aspirat
1096 1090 1329 1121 amorem.-

192 1140 324 1186 Dum
349 1140 474 1186 bello
501 1140 710 1201 Argolici
736 1142 991 1187 vastabant
1014 1141 1241 1203 Pergama
1266 1156 1400 1202 reges

193 1206 387 1261 Debita,
417 1222 712 1298 casuraslque
732 1208 934 1254 inimicis
961 1208 1151 1269 ignibus
1178 1223 1340 1262 arces;

193 1273 303 1318 Non
333 1273 477 1318 ullum
503 1273 731 1320 auxilium
757 1274 958 1330 miseris,
985 1291 1078 1320 non
1105 1290 1231 1319 arma
1260 1273 1423 1348 rogavi

192 1340 320 1385 Artis
346 1341 548 1402 opisque
574 1348 698 1395 tuae3
738 1356 827 1387 nec
852 1348 915 1395 te,
943 1341 1180 1386 carissime
1205 1340 1400 1402 conjux,

192 1404 501 1451 Incassumve
527 1415 631 1452 tuos
658 1408 784 1453 volui
814 1424 1033 1453 exercere
1059 1407 1268 1454 labores.

193 1473 423 1526 Quamvis
449 1482 494 1519 et
520 1472 690 1519 Priami
719 1474 944 1521 deberem
966 1474 1170 1536 plurima
1195 1473 1338 1530 natis,

195 1540 254 1585 Et
279 1540 450 1585 durum
477 1541 634 1585 AEneae
660 1540 891 1587 flevissem
918 1557 1046 1602 saepe
1070 1540 1300 1586 laborem.
1425 1546 1524 1588 380

193 1606 353 1661 Nunc,
381 1605 511 1652 Jovis
538 1606 763 1666 imperiis,
806 1608 1095 1653 Rutulorum
1122 1606 1337 1653 constitit
1361 1606 1454 1653 oris
1476 1622 1488 1652 :

191 1672 320 1735 Ergo
333 1672 498 1718 eadem
519 1672 717 1733 supplex
739 1673 955 1729 venio,et
975 1681 1192 1719 sanctum
1216 1673 1333 1718 mihi
1349 1688 1523 1719 numen

191 1741 337 1785 Arma
355 1755 487 1800 rogo,
514 1739 714 1801 genitrix
739 1749 870 1786 nato.
942 1740 1014 1786 Te
1036 1738 1137 1786 filia
1162 1739 1323 1795 Nerei,

191 1807 262 1852 Te
288 1808 448 1867 potuit
473 1806 692 1868 lacrymis
719 1806 944 1853 Tithonia
969 1805 1162 1853 flectere
1188 1806 1385 1867 conjux.

191 1873 373 1935 Aspice
400 1872 482 1933 qui
506 1879 682 1919 coeant
708 1873 891 1934 populi,
915 1890 1023 1935 quae
1051 1872 1224 1919 moenia
1249 1871 1423 1918 clausis

196 1940 387 1985 Ferrum
403 1948 579 1985 acuant
599 1941 769 2001 portis,
782 1940 828 1986 in
846 1956 920 1985 me
937 1939 1278 2001 excidiumque
1290 1955 1523 1990 meorum.

195 2007 409 2061 Dixerat,
435 2015 481 2052 et
501 2006 650 2052 niveis
679 2006 789 2053 hinc
814 2016 961 2069 atque
986 2007 1097 2053 hinc
1125 2006 1252 2052 Diva
1275 2005 1467 2052 lacertis

193 2073 506 2119 Cunctantem
533 2073 755 2134 amplexu
780 2074 907 2120 molli
933 2073 1081 2120 fovet:
1122 2072 1201 2119 ille
1226 2073 1422 2134 repente

191 2140 398 2200 Accepit
423 2139 611 2185 solitam
632 2139 888 2197 flammam,
917 2148 1155 2202 notusque
1181 2139 1416 2185 medullas

191 2206 392 2252 Intravit
416 2207 562 2260 calor,
588 2214 635 2252 et
658 2206 898 2253 labefacta
918 2222 1005 2270 per
1019 2222 1128 2252 ossa
1149 2206 1385 2252 cucurrit:
1424 2211 1523 2264 390

189 2272 300 2318 Non
323 2289 462 2319 secus
486 2280 629 2335 atque
654 2273 782 2329 olim,
809 2274 989 2321 tonitru
1014 2273 1124 2319 cnm
1150 2280 1292 2333 rupta
1317 2287 1521 2336 corusco

189 2339 334 2399 Ignea
352 2340 471 2385 rima
495 2340 678 2385 micans
704 2340 937 2402 percurrit
960 2340 1140 2386 lumine
1165 2338 1373 2386 nimbos.

189 2406 344 2452 Sensit
367 2406 478 2452 laeta
502 2406 637 2462 dolis,
659 2414 707 2452 et
725 2405 892 2453 formae
917 2406 1109 2453 conscia
1135 2406 1335 2467 conjux.

186 2473 312 2518 Tum
333 2482 473 2535 pater
497 2481 676 2519 aeterno
700 2473 825 2520 fatur
843 2473 1094 2520 devinctus
1119 2488 1302 2519 amore:

189 2539 318 2593 Quid
347 2555 515 2587 causas
541 2539 664 2602 petis
689 2557 746 2588 ex
774 2540 908 2588 alto‘!
950 2537 1127 2589 fiducia
1152 2538 1297 2586 cessit
