1586 2704
1350 84 1375 123 in

1384 84 1409 124 ω

1417 79 1443 124 ω»

528 91 792 126 AENEIDOS
834 92 945 126 1⁴1ss.
988 92 1068 126 XI.

147 205 359 267 Armiger
384 205 494 251 ante
521 204 644 258 suit;
680 205 758 251 sed
786 221 877 250 non
905 205 1125 250 felicibus
1150 203 1287 265 aeque

144 272 267 317 Tum
295 288 454 318 comes
479 270 702 331 auspiciis
726 287 836 318 caro
861 271 1000 316 datus
1027 271 1125 316 ibat
1151 271 1358 316 alumno,

146 337 338 384 Circum
366 338 516 382 omnis
559 337 887 399 famulumque
927 352 1109 390 manus,
1146 335 1450 398 Trojanaque

277 403 430 458 turba,

147 469 207 514 Et
235 478 454 515 moestum
482 467 652 515 iliades
680 469 853 514 crinem
882 468 940 513 de
968 483 1096 513 more
1121 467 1304 514 solutae.

212 535 272 581 Ut
301 535 410 580 vero
436 535 604 581 AEueas
634 534 817 580 foribus
845 551 947 580 sese
968 533 1121 580 intulit
1149 533 1275 587 altis,

146 600 387 661 Ingentem
414 601 642 660 gemitum
671 601 819 646 tunsis
846 601 902 646 ad
932 599 1084 646 sidera
1112 599 1283 645 tollunt

143 665 445 722 Pectoribus,
475 676 737 727 moestoque
764 667 974 727 immugit
1004 665 1126 725 regia
1152 665 1300 711 luctu.

145 732 256 793 Ipse
281 743 425 794 caput
455 733 573 778 nivei
600 732 767 779 fultum
794 733 1018 778 Pallantis
1043 740 1087 777 et
1110 747 1191 777 ora

144 799 210 846 Ut
239 797 375 854 vidit,
403 799 588 860 levique
611 809 774 859 patens
800 798 844 843 in
873 808 1065 859 pectore
1094 798 1263 843 vulnus
1387 800 1451 843 40

147 865 376 926 Cuspidis
402 866 642 920 Ausoniae,
673 865 890 927 lacrymis
916 865 977 909 ita
1003 864 1132 910 fatur
1157 863 1338 908 obortis
1362 876 1372 907 :

144 929 293 986 Tene,
322 931 490 991 inquit,
518 931 780 976 miserande
807 946 940 990 puer,
967 931 1074 976 cum
1104 929 1208 974 laeta
1234 929 1432 982 veniret,

145 995 322 1043 Invidit
349 997 558 1043 Fortuna
585 997 712 1053 mihi,
737 1014 791 1043 ne
817 1012 956 1057 regna
984 995 1164 1041 videres

146 1061 340 1117 Nostra,
368 1078 522 1122 neque
548 1063 605 1108 ad
630 1064 761 1108 sedes
785 1063 936 1107 victor
961 1063 1180 1107 veherere
1206 1060 1454 1121 paternas?

146 1127 256 1174 Non
286 1128 386 1174 llaec
414 1129 634 1174 Evandro
659 1129 718 1176 de
746 1139 792 1175 te
822 1128 1050 1189 promissa
1079 1128 1258 1189 parenti

148 1194 412 1239 Discedens
438 1195 663 1241 dederam
686 1213 697 1249 ;
737 1195 842 1240 cim)
868 1212 937 1239 me
964 1194 1238 1254 complexus
1265 1201 1453 1238 euntem

147 1259 362 1307 Mitteret
388 1260 432 1306 in
458 1277 676 1322 magnum
704 1261 983 1322 imperium3
1024 1271 1334 1320 metuensque
1359 1276 1454 1304 mo-

281 1334 416 1373 neret

150 1393 298 1439 Acres
322 1408 425 1438 esse
454 1391 594 1449 viros,
620 1409 727 1439 cum
752 1392 868 1438 dura
897 1392 1054 1454 praeiia
1081 1401 1235 1452 gente.

150 1458 210 1504 Et
238 1473 364 1504 nunc
385 1458 460 1504 ille
481 1458 690 1519 quidem,
718 1474 800 1519 spe
829 1459 1027 1504 multum
1057 1467 1221 1518 captus
1246 1457 1388 1513 inani,

151 1524 266 1570 Fors
291 1532 338 1570 et
365 1534 470 1570 vota
497 1523 628 1580 facit,
654 1525 956 1585 cumulatque
983 1524 1146 1570 altaria
1170 1524 1324 1570 donis.
1394 1528 1456 1569 50

151 1589 255 1638 Nos
272 1590 498 1650 juvenem
535 1591 820 1647 exanimum,
861 1599 907 1636 et
951 1591 1013 1635 nil
1047 1590 1147 1650 jam
1187 1589 1456 1635 coelestibus

151 1656 437 1711 Debentem‚
463 1672 582 1702 vano
607 1658 759 1702 moesti
787 1657 1068 1702 comitamur
1093 1656 1285 1701 honore.
1323 1656 1455 1718 [ullis

151 1719 354 1769 Infelix!
395 1722 489 1768 nati
516 1723 656 1768 sunus
683 1723 875 1768 crudele
902 1723 1100 1768 videbis.

155 1787 218 1834 Hi
244 1790 390 1834 nostri
416 1788 614 1844 reditus,
641 1789 976 1850 expectatique
1002 1787 1259 1848 triumphi?

155 1853 275 1900 Haec
294 1871 394 1900 mea
414 1870 577 1915 magua
595 1855 743 1901 fides?
768 1861 826 1900 At
841 1871 950 1911 non,
968 1853 1128 1899 Evand
1139 1871 1201 1908 re,
1221 1851 1456 1915 pudendis

156 1920 445 1966 Vulneribus
474 1921 662 1981 pulsum
691 1921 925 1981 aspicies;
966 1937 1050 1966 nec
1077 1921 1254 1981 sospite
1279 1920 1433 1965 dirum

159 1985 370 2048 Optabis
397 1996 506 2032 nato
535 1987 670 2032 funus
699 1996 849 2048 pater.
921 1987 1008 2032 Hei
1037 1987 1164 2042 mihi,
1193 1995 1421 2048 quantum

158 2052 454 2106 Praesidium,
479 2054 704 2110 Ausonia,
731 2062 775 2099 et
798 2063 1026 2114 qnantum
1057 2062 1104 2098 tu
1127 2054 1304 2114 perdis,
1325 2051 1455 2098 lule!

231 2120 345 2166 Haec
370 2119 447 2165 ubi
474 2118 683 2176 deflevit,
709 2120 808 2165 tolli
835 2119 1096 2166 miserabile
1122 2135 1293 2180 corpus

161 2185 396 2246 Imperat;
436 2195 481 2232 et
508 2194 609 2232 toto
632 2186 781 2232 lectos
806 2202 858 2232 ex
888 2185 1071 2247 agmine
1100 2185 1241 2231 mittit
1393 2180 1457 2232 60

161 2250 295 2299 Mille
318 2253 457 2307 viros,
483 2252 564 2314 qui
590 2268 858 2314 supremum
882 2251 1171 2298 comitentur
1195 2251 1443 2308 honorem,

162 2318 484 2380 Intersintque
508 2320 653 2381 patris
681 2318 932 2380 lacrymis:
972 2317 1141 2364 solatia
1164 2317 1320 2364 luctus

163 2384 343 2445 Exigua
367 2385 583 2445 ingentis,
610 2385 781 2431 misero
806 2384 887 2431 sed
914 2384 1075 2430 debita
1101 2384 1238 2444 patri.

165 2451 303 2496 Haud
330 2467 490 2512 septies
516 2452 608 2507 alii,
637 2462 788 2497 crates
814 2461 856 2497 et
887 2451 1023 2496 molle
1049 2449 1273 2497 feretrum
