1586 2704
567 76 829 111 AENEmos
869 75 980 109 ΜΒ.
1020 75 1100 109 xi.
1394 70 1488 121 347

188 192 366 249 Turne,
391 192 461 239 sui
489 187 655 237 merito
682 191 720 236 si
747 196 841 251 qua
866 198 939 236 est
963 189 1140 236 fiducia
1164 189 1292 246 forti,

189 259 359 305 Audeo
383 267 429 304 et
453 258 716 303 AEneadum
741 255 968 317 promitto
994 272 1243 302 occurrere
1268 265 1453 312 turmae,

189 325 396 386 Solaque
420 324 692 384 Tyrrhenos
718 322 903 384 equites
930 323 995 367 ire
1021 323 1164 367 obvia
1191 331 1374 370 contra.

189 391 269 435 Me
295 391 390 436 sine
415 390 563 451 prima
592 406 731 435 manu
759 397 939 434 tentare
965 388 1177 448 pericula
1205 388 1337 434 belli:

186 456 263 501 Τιι
290 457 434 516 pedes
460 455 516 500 ad
547 472 703 501 muros
730 455 950 510 subsiste,
977 463 1025 500 et
1051 455 1219 499 moenia
1247 470 1398 500 serva.

234 524 426 568 Turnus
445 521 501 567 ad
523 522 644 578 haec,
659 523 823 568 oculos
843 520 1132 567 horrendain
1145 520 1320 579 virgine
1336 520 1482 568 fixus:

185 587 248 644 O,
273 588 421 634 decus
445 588 612 644 Italiae,
639 589 787 650 virgo,
815 603 933 649 quas
958 587 1117 633 dicere
1143 598 1314 647 grates,
1395 587 1484 653 [do

184 656 374 708 Quasve
396 656 564 700 referre
584 671 744 715 parem
767 655 787 700 ‘l
808 654 886 699 sed
905 670 1049 710 nunc,
1069 660 1138 699 est
1153 653 1312 699 omnia
1332 670 1484 715 quan-

184 719 276 766 lste
301 723 484 766 animus
512 737 671 782 supra,
697 737 884 768 mecum
912 721 1085 781 partire
1110 719 1338 766 laborem.
1389 726 1483 767 510

183 787 368 842 AEneas,
397 797 444 832 ut
471 786 595 832 fama
622 786 760 833 tidem
789 787 1014 846 missique
1040 795 1287 846 reportant

181 853 534 915 Exploratores,
560 854 772 915 equitum
801 853 917 898 levia
938 853 1186 915 improbus
1212 869 1341 899 arma

181 918 434 974 Praemisit,
461 927 716 981 quaterent
741 935 970 981 campos:
998 919 1116 980 ipse,
1136 918 1286 965 ardua
1307 919 1482 966 montis

179 983 267 1031 Per
283 986 472 1031 deserta
488 986 611 1047 jugo
637 1001 881 1046 superans,
908 984 1136 1031 adventat
1158 985 1215 1030 ad
1246 986 1427 1032 urbem.

180 1051 326 1098 Furta
351 1067 465 1114 paro
494 1052 603 1098 belli
630 1067 846 1097 convexo
871 1052 917 1097 in
943 1051 1133 1097 tramite
1151 1051 1306 1107 silvae,

178 1117 247 1164 Ut
272 1118 420 1163 bivias
445 1127 630 1164 armato
657 1118 876 1163 obsidam
904 1118 1047 1163 milite
1073 1116 1261 1164 fauces·

176 1183 255 1230 Tu
277 1184 576 1246 Tyrrhenum
606 1186 814 1246 equitem
843 1185 1028 1230 collatis
1056 1184 1226 1246 excipe
1253 1184 1412 1245 signis.

175 1249 357 1296 Tecum
385 1267 494 1296 acer
521 1252 772 1314 Messapus
797 1250 902 1307 erit,
927 1258 1186 1311 turmaeque
1214 1251 1411 1306 Latinae,

175 1315 464 1378 Tiburtique
491 1332 685 1362 manus:
724 1316 861 1362 ducis
887 1325 934 1363 et
960 1325 1011 1363 tu
1038 1316 1239 1378 concipe
1265 1334 1444 1369 curam.

176 1382 254 1429 Sic
282 1384 361 1438 ait,
386 1383 637 1444 etparibus
661 1385 938 1445 Messapum
957 1385 1000 1428 in
1020 1384 1184 1445 praelia
1210 1384 1354 1430 dictis
1381 1390 1476 1432 5‘20

176 1448 427 1504 Hortatur,
455 1450 700 1510 sociosque
728 1451 903 1502 duces:
943 1458 988 1495 et
1015 1452 1171 1512 pergit
1199 1450 1244 1495 in
1273 1450 1475 1497 hostem.

242 1516 325 1560 Est
354 1531 500 1560 curvo
526 1516 741 1562 anfractu
771 1518 918 1572 vallis,
945 1517 1255 1562 accommoda
1281 1516 1433 1563 fraudi

174 1582 523 1643 Armorumque
544 1582 692 1635 dolis;
715 1599 740 1642 q
752 1599 856 1628 uam
879 1583 1037 1628 densis
1053 1582 1303 1629 frondibus
1319 1593 1473 1630 atrum

173 1647 318 1708 Urget
346 1648 560 1710 utrinque
588 1649 744 1701 latus;
784 1649 936 1695 tenuis
956 1648 1052 1710 quo
1079 1650 1240 1696 semita
1265 1650 1417 1706 ducit,

172 1715 498 1778 Angustaeque
520 1715 680 1761 ferunt
705 1715 885 1771 fauces,
911 1717 1165 1776 aditusque
1186 1717 1396 1778 maligni.

170 1779 308 1826 Hanc
326 1797 485 1844 super,
507 1781 553 1826 in
570 1782 771 1843 speculis
791 1798 1073 1844 summoque
1089 1784 1135 1828 iu
1152 1784 1330 1830 vertice
1342 1799 1469 1829 mon·

301 1855 378 1903 tls,

172 1912 395 1959 Planities
421 1913 579 1974 ignota
598 1913 753 1974 jacet,
781 1914 966 1976 tutique
991 1922 1246 1977 receptus:

170 1979 261 2025 Seu
287 1979 682 2041 dextralaevaque
707 1980 823 2026 velis
849 1997 1098 2029 occurrere
1124 1998 1317 2045 pugnae,

170 2044 281 2092 Sive
304 2045 476 2092 instare
494 2046 644 2107 jugis,
670 2054 717 2093 et
741 2048 935 2108 grandia
961 2051 1149 2095 volvere
1175 2065 1301 2095 saxa.

169 2110 279 2159 Huc
297 2113 489 2173 juvenis
515 2113 625 2159 nota
648 2112 799 2159 fertur
825 2116 1009 2175 regione
1037 2116 1233 2173 viarum,
1369 2121 1465 2166 550

167 2178 478 2240 Arripuitque
505 2180 678 2235 locum,
708 2188 755 2226 et
781 2180 912 2226 silvis
940 2181 1115 2228 insedit
1139 2182 1331 2244 iniquis·

232 2245 452 2292 Velocem
480 2245 655 2292 interea
678 2248 860 2309 superis
885 2247 929 2294 in
955 2248 1147 2295 sedibus
1167 2250 1333 2312 Opim,

167 2309 320 2358 Unam
345 2328 402 2357 ex
427 2312 684 2375 virginibus
707 2314 842 2360 sociis
869 2315 1100 2376 sacrfique
1123 2316 1331 2371 caterva,

167 2377 514 2438 compellabat,
543 2387 592 2427 et
614 2380 697 2426 has
724 2381 845 2428 tristi
870 2382 1070 2429 Latonia
1092 2399 1234 2430 voces

167 2444 262 2490 Ore
286 2444 462 2492 dabat:
490 2446 722 2495 Graditur
742 2447 914 2494 bellum
943 2447 999 2495 ad
1028 2449 1219 2497 crudele
1245 2448 1456 2505 Camilla,
