1546 2686
122 137 182 186 78
455 144 505 178 Ρ.
541 146 774 183 VIRGILH
819 143 1061 178 MARoms

121 262 359 320 Flumina;
386 279 471 311 nec
492 280 679 312 somnos
696 262 939 326 abrumpit
953 279 1063 310 cura
1079 262 1297 312 salubres.
1321 265 1417 312 530

184 330 418 390 Tempore
442 346 536 377 non
560 331 652 378 alio
671 331 838 378 dicunt
862 330 1129 392 regionibus
1150 331 1239 376 illis

120 395 356 449 Quaesitas
380 397 438 443 ad
467 413 597 444 sacra
623 398 770 444 boves
794 396 1009 452 Junonis,
1035 406 1081 442 et
1106 397 1204 443 uris

117 461 388 524 Imparibus
409 463 576 509 ductos
595 464 694 510 alta
718 464 774 509 ad
797 462 991 508 donaria
1015 478 1196 509 currus.

117 528 241 589 Ergo
266 533 387 591 aegre
410 529 568 575 rastris
592 536 761 575 terram
787 529 1026 583 rimantur,
1051 538 1097 575 et
1121 529 1231 591 ipsis

117 595 367 656 Unguibus
388 595 623 641 infodiunt
642 594 814 656 fruges,
843 603 1118 656 montesque
1145 612 1226 657 per
1245 596 1368 643 altos

115 661 352 708 Contenta
372 660 552 707 cervice
576 661 768 707 trahunt
791 660 1035 707 stridentia
1060 661 1288 722 plaustra.

113 727 225 773 Non
249 728 388 789 lupus
414 726 608 773 iusidias
632 726 845 788 explorat
870 726 1012 772 ovilia
1037 727 1233 784 circum,

112 792 216 839 Nec
242 793 459 855 gregibus
484 801 745 839 nocturnus
770 792 1079 846 obambulat;
1107 795 1258 841 acrior
1285 795 1413 841 illum

114 860 238 906 Cura
258 860 440 907 domat:
469 859 621 906 timidi
643 857 795 906 damae
820 859 1042 921 cervique
1067 858 1260 920 fugaces
1321 867 1415 916 539

111 925 255 973 Nunc
281 926 496 989 interque
521 942 660 973 canes
686 934 731 972 et
756 925 932 972 circum
960 933 1086 972 tecta
1112 938 1358 988 vagantur.

111 992 217 1039 Jam
243 992 380 1039 maris
405 991 616 1038 immensi
652 992 848 1054 prolem,
889 1000 935 1038 et
973 1009 1121 1055 genus
1159 1009 1297 1040 omne
1339 1009 1417 1039 na-

245 1059 443 1115 tantum,

111 1123 289 1172 Littore
313 1125 358 1171 in
384 1134 611 1182 extrem0,
638 1141 722 1171 ceu
747 1123 972 1186 naufraga
997 1141 1215 1187 corpora,
1238 1123 1413 1172 fluctus

112 1191 313 1238 Proluit:
341 1192 540 1238 insolitae
564 1190 749 1252 fugiunt
774 1192 818 1237 in
844 1190 1039 1238 flumina
1063 1193 1251 1254 phocae.

110 1256 277 1305 Interit
301 1268 347 1305 et
373 1258 527 1305 curvis
552 1257 724 1304 frustra
747 1257 944 1307 defensa
968 1258 1163 1304 latebris

110 1323 300 1387 Vipera,
327 1333 373 1371 et
393 1324 581 1373 attoniti
607 1326 813 1389 squamis
838 1324 1102 1373 astantibus
1123 1323 1280 1391 hydri.

109 1390 234 1451 Ipsis
259 1399 329 1439 est
355 1397 435 1439 aer
458 1393 626 1439 avibus
653 1409 746 1439 non
768 1408 950 1453 aequus,
977 1400 1023 1439 et
1044 1393 1135 1439 illae

109 1455 384 1520 Praecipites
407 1458 502 1505 alta
523 1459 666 1505 vitam
693 1460 779 1505 sub
805 1458 929 1505 nube
954 1459 1241 1522 relinquunt.

109 1522 358 1582 Praeterea,
380 1541 465 1571 nec
477 1525 577 1585 jam
604 1525 774 1572 mutari
795 1525 970 1586 pabula
989 1526 1148 1582 refert,

111 1591 432 1652 Quaesitaeque
457 1600 628 1638 nocent
652 1600 798 1638 artes:
827 1607 1006 1637 cessere
1031 1591 1255 1653 magistri,
1317 1598 1412 1647 549

109 1657 388 1719 Phillyrides
417 1658 608 1714 Chiron,
650 1657 1089 1719 Amythaoniusque
1125 1658 1409 1721 Melampus.

109 1724 257 1770 Saevit
281 1732 325 1770 et
350 1724 395 1769 in
420 1724 574 1770 lucem
601 1723 776 1787 Stygiis
803 1724 968 1769 emissa
993 1724 1195 1770 tenebris

106 1789 289 1837 Pallida
312 1791 590 1853 Tisiphone,
615 1791 816 1837 Morbos
842 1790 938 1852 agit
962 1791 1070 1837 ante
1108 1791 1408 1851 Metumque,

108 1856 259 1919 Inque
283 1857 381 1904 dies
407 1857 598 1904 avidum
624 1873 818 1919 surgens
845 1864 992 1919 caput
1016 1857 1156 1903 altius
1180 1856 1331 1903 effert.

107 1924 276 1970 Balatu
297 1940 541 1986 pecorum,
567 1932 613 1971 et
638 1923 816 1970 crebris
838 1924 1095 1985 mugitibus
1116 1922 1296 1976 amnes,

106 1993 403 2053 Arentesque
429 1999 600 2037 sonant
622 1990 755 2053 ripae,
783 1990 1022 2052 collesque
1047 1989 1216 2050 supini.
1276 1989 1408 2051 [ipsis

105 2057 310 2118 Jamque
347 2057 615 2103 catervatim
656 2059 739 2104 dat
781 2066 998 2118 stragem,
1037 2063 1181 2118 atque
1219 2066 1409 2118 aggerat

106 2123 159 2168 In
185 2123 383 2170 stabulis
408 2123 534 2186 turpi
558 2123 740 2185 dilapsa
765 2122 999 2169 cadavera
1024 2123 1161 2168 tabo:

107 2190 272 2236 Donec
299 2191 441 2236 humo
460 2199 630 2250 tegere,
656 2205 711 2236 ac
736 2188 885 2236 foveis
901 2188 1190 2235 abscondere
1206 2187 1407 2235 discant.

104 2254 231 2302 Nam
257 2272 411 2318 neque
427 2265 526 2303 erat
543 2256 682 2303 coriis
700 2272 836 2312 usus;
855 2271 942 2303 nec
959 2255 1137 2301 viscera
1157 2253 1407 2317 quisquam

106 2325 205 2369 Aut
231 2322 366 2369 undis
384 2323 574 2370 abolere
595 2329 770 2385 potest,
788 2330 868 2369 aut
889 2322 1075 2367 vincere
1092 2320 1294 2367 flamma.
1316 2320 1409 2370 560

107 2389 211 2436 Nec
236 2389 431 2436 tondere
457 2389 648 2450 quidem
676 2388 843 2437 morbo
868 2387 1121 2449 illuvieque
1147 2403 1310 2449 peresa

106 2455 305 2511 Vellera,
330 2472 418 2502 nec
445 2455 562 2502 telas
588 2463 781 2517 possunt
805 2454 1035 2514 attingere
1060 2462 1234 2516 putres.

105 2522 281 2568 Verum
308 2522 450 2569 etiam
476 2521 654 2568 invisos
680 2520 715 2566 si
742 2520 848 2580 quis
874 2522 1078 2568 tentarat
1101 2521 1324 2574 amictus;

107 2587 337 2636 Ardentes
362 2587 564 2653 papulas,
593 2592 734 2648 atque
760 2586 1028 2635 immundus
1054 2587 1229 2635 olentia
1261 2586 1404 2636 sudor
