1607 2700
602 98 867 133 AENEmos
907 99 1017 133 ΜΒ.
1056 100 1134 135 vr.
1440 93 1531 135 221

221 221 320 268 Nec
345 218 455 266 vero
483 218 557 264 hae
585 219 683 265 sine
710 226 838 264 sorte
865 217 1010 275 datae,
1039 219 1137 265 sine
1158 217 1329 279 judice
1354 218 1511 266 sedes,

218 286 460 342 Quaesitor
484 283 644 330 Minos
672 300 835 330 urnam
863 292 1052 331 movet:
1092 285 1170 331 ille
1198 285 1418 333 silentfim

217 351 586 412 Conciliumque
613 360 772 408 vocat,
799 352 1020 413 vitasque
1044 359 1092 397 et
1117 352 1313 398 crimina
1338 352 1495 399 discit.

220 418 439 466 Proxima
465 417 641 465 deinde
660 426 826 465 tenent
843 418 997 464 moesti
1018 419 1141 475 loca,
1160 418 1243 479 qui
1269 418 1358 464 sibi
1386 420 1531 466 letum

217 486 436 530 Insontes
462 486 690 546 peperere
717 501 880 541 manu,
908 485 1163 547 lucemque
1189 485 1353 547 perosi

217 551 469 612 Projecere
494 551 690 597 animas.
763 550 923 606 Quam
950 551 1125 598 vellent
1149 551 1325 597 aethere
1351 551 1397 596 in
1422 551 1517 598 alto

218 617 359 663 Nunc
386 625 435 663 et
460 618 735 680 pauperiem
761 626 806 665 et
832 618 979 664 duros
1006 619 1215 680 perferre
1244 617 1463 664 labores!

214 683 305 729 Fas
333 683 511 741 obstat,
538 685 756 747 tristique
782 685 916 747 palus
940 684 1207 731 inamabilis
1236 684 1364 731 unda

216 750 410 811 Alligat,
437 758 485 797 et
505 752 668 798 novies
690 753 806 814 Styx
828 751 1058 798 interfusa
1077 757 1284 798 coercet.
1305 753 1512 814 [omnem

282 819 387 864 Nec
425 819 594 880 procul
636 818 746 865 hinc
788 828 973 880 partem
1003 817 1095 864 fusi
1120 825 1443 865 monstrantur
1483 818 1528 864 iu

216 883 453 946 Lugentes
482 885 668 947 campi:
707 885 776 931 sic
802 885 905 931 illos
928 884 1117 930 nomine
1143 884 1327 932 dicunt.
1432 893 1522 932 441

215 951 309 996 Hic
336 967 457 1012 quos
483 951 630 998 durus
656 968 788 998 amor
807 951 991 998 crudeli
1018 951 1131 998 tab'e
1158 951 1360 1013 peredit,

214 1017 398 1064 Secreti
425 1019 586 1065 celant
610 1019 770 1074 calles,
797 1027 845 1065 et
870 1026 1056 1080 myrtea
1081 1017 1263 1063 circum

213 1084 343 1131 Silva
368 1085 517 1145 tegit;
557 1101 685 1131 curae
711 1102 805 1131 non
831 1085 934 1149 ipsa
959 1085 1005 1130 in
1032 1093 1186 1131 morte
1210 1084 1504 1146 relinquunt.

212 1150 301 1196 His
327 1151 577 1197 Phaedram
603 1152 898 1214 Procrimque
924 1151 1062 1207 locis,
1090 1159 1400 1214 moestamque
1427 1152 1528 1198 Eri-

212 1217 430 1263 Crudelis
442 1218 540 1264 nati
561 1227 904 1265 monstrantem
925 1219 1123 1265 vulnera
1143 1218 1310 1274 cernit,
1328 1218 1527 1281 [phylen

212 1283 557 1347 Evadnenque,
583 1293 631 1332 et
651 1285 940 1347 PasiphaEn.
1014 1285 1101 1331 His
1132 1284 1395 1331 Laodamia

212 1349 258 1396 It
283 1367 474 1405 comes;
499 1353 751 1413 etjuvenis
773 1351 1031 1414 quondam,
1047 1368 1171 1397 nunc
1192 1351 1401 1408 foemina,
1424 1351 1528 1398 Cae-

213 1416 394 1463 Rursus
413 1425 459 1464 et
485 1418 530 1463 in
558 1426 768 1465 veterem
793 1418 893 1464 fato
920 1418 1131 1464 revoluta
1159 1417 1381 1480 figuram.
1418 1418 1525 1480 [nis,

278 1485 410 1530 Inter
434 1501 553 1546 quas
576 1486 824 1531 Phoenissa
842 1501 1007 1531 recens
1029 1501 1055 1530 a
1073 1486 1260 1531 vulnere
1280 1484 1409 1531 Dido
1429 1489 1526 1532 450

208 1548 417 1598 Errabat
443 1551 558 1597 silva
582 1552 627 1597 in
653 1553 856 1613 magna:
896 1567 1042 1613 quam
1067 1551 1246 1597 Troius
1273 1552 1413 1598 heros

210 1615 278 1662 Ut
302 1617 510 1680 primum
530 1618 674 1680 juxta
699 1620 845 1674 stetit,
877 1618 1171 1679 agnovitque
1197 1634 1282 1680 per
1308 1619 1525 1664 umbram

210 1681 508 1741 Obscuram
548 1685 738 1747 qualem
759 1685 912 1747 primo
941 1686 1022 1747 qui
1048 1701 1239 1746 surgere
1265 1701 1425 1730 mense

207 1746 312 1798 Aut
336 1750 469 1798 videt
493 1760 576 1798 aut
596 1751 770 1798 vidisse
792 1759 931 1813 putat
956 1768 1038 1812 per
1061 1751 1226 1797 nubila
1249 1751 1440 1805 lunam:

207 1814 417 1865 Demisit
440 1819 691 1881 lacrymas,
717 1817 945 1880 dulcique
970 1819 1146 1865 affatus
1170 1834 1331 1865 amore
1355 1826 1456 1866 est:

207 1881 377 1931 Infelix
403 1884 549 1941 Dido,
578 1902 717 1931 verus
745 1885 858 1930 mihi
885 1886 1079 1930 nuntius
1103 1885 1217 1947 ergo

207 1952 434 2008 Venerat,
462 1953 741 2008 extinctam,
764 1951 987 2013 ferroque
1014 1959 1227 2000 extrema
1252 1952 1504 1998 secutam3

209 2018 404 2065 Funeris
430 2020 523 2065 heu
548 2019 635 2065 tibi
662 2034 808 2064 causa
833 2018 928 2064 fui!
968 2033 1053 2079 per
1079 2018 1237 2065 sidera
1256 2018 1390 2079 juro,

207 2083 300 2132 Per
324 2102 542 2148 superos,
568 2093 615 2132 et
641 2084 679 2131 si
705 2101 799 2147 qua
824 2083 944 2130 fides
967 2084 1130 2131 tellure
1156 2085 1248 2131 sub
1274 2086 1366 2131 ima
1391 2091 1478 2136 est,

209 2150 411 2210 InvituS,
440 2153 617 2213 regina,
646 2160 731 2198 tuo
756 2150 814 2197 de
841 2152 999 2197 littore
1024 2152 1160 2199 cessi.
1427 2150 1526 2199 460

210 2217 304 2264 Sed
319 2235 388 2264 me
402 2219 542 2280 jussa
563 2219 738 2275 Deum,
763 2234 871 2280 quae
889 2234 1012 2263 nunc
1028 2219 1190 2265 hasire
1208 2234 1292 2280 per
1309 2218 1525 2273 umbras,

210 2284 299 2329 Per
315 2284 421 2332 loca
433 2294 568 2332 senta
585 2285 681 2332 situ
701 2291 882 2346 cogunt
901 2292 1190 2348 noctemque
1214 2284 1526 2347 profundam,

211 2349 424 2411 Imperiis
449 2357 587 2414 egere
611 2352 709 2398 suis
732 2370 743 2407 ;
784 2368 871 2397 nec
898 2350 1094 2398 credere
1122 2353 1269 2414 quivi,

212 2417 357 2463 Hunc
382 2426 564 2465 tantum
592 2418 680 2466 tibi
709 2434 784 2464 me
810 2417 1025 2464 discessu
1052 2417 1175 2466 ferre
1201 2418 1437 2466 dolorem.

214 2483 336 2531 Siste
361 2484 576 2547 gradum,
605 2494 750 2548 teque
777 2492 976 2543 aspectu
1002 2501 1063 2531 ne
1092 2485 1321 2533 subtrahe
1347 2493 1508 2532 nostro
