<?xml version="1.0" encoding="UTF-8"?>
<!DOCTYPE html PUBLIC "-//W3C//DTD XHTML 1.0 Transitional//EN"
    "http://www.w3.org/TR/xhtml1/DTD/xhtml1-transitional.dtd">
<html xmlns="http://www.w3.org/1999/xhtml" xml:lang="en" lang="en">
 <head>
  <title>
</title>
<meta http-equiv="Content-Type" content="text/html;charset=utf-8" />
  <meta name='ocr-system' content='tesseract 3.04.00' />
  <meta name='ocr-capabilities' content='ocr_page ocr_carea ocr_par ocr_line ocrx_word'/>
</head>
<body>
  <div class='ocr_page' id='page_1' title='image "./operaadfidemopti00virguoft/operaadfidemopti00virguoft_0151.png"; bbox 0 0 1607 2700; ppageno 0'>
   <div class='ocr_carea' id='block_1_1' title="bbox 550 112 1487 158">
    <p class='ocr_par' dir='ltr' id='par_1_1' title="bbox 550 112 1487 158">
     <span class='ocr_line' id='line_1_1' title="bbox 550 112 1487 158; baseline 0 -6"><span class='ocrx_word' id='word_1_1' title='bbox 550 116 814 152; x_wconf 74' lang='lat' dir='ltr'><strong>AENEJDOS</strong></span> <span class='ocrx_word' id='word_1_2' title='bbox 858 117 967 151; x_wconf 85' lang='lat' dir='ltr'><strong>LIB.</strong></span> <span class='ocrx_word' id='word_1_3' title='bbox 1010 118 1101 152; x_wconf 89' lang='lat'>111.</span> <span class='ocrx_word' id='word_1_4' title='bbox 1401 112 1487 158; x_wconf 77' lang='grc'>147</span> 
     </span>
    </p>
   </div>
   <div class='ocr_carea' id='block_1_2' title="bbox 153 236 1490 2564">
    <p class='ocr_par' dir='ltr' id='par_1_2' title="bbox 157 236 1411 418">
     <span class='ocr_line' id='line_1_2' title="bbox 157 236 1320 295; baseline 0 -13"><span class='ocrx_word' id='word_1_5' title='bbox 157 238 363 295; x_wconf 74' lang='lat' dir='ltr'>Virginei</span> <span class='ocrx_word' id='word_1_6' title='bbox 387 237 632 283; x_wconf 77' lang='lat' dir='ltr'>volucrum</span> <span class='ocrx_word' id='word_1_7' title='bbox 658 236 832 289; x_wconf 85' lang='lat' dir='ltr'>vultus,</span> <span class='ocrx_word' id='word_1_8' title='bbox 859 236 1120 282; x_wconf 80' lang='lat' dir='ltr'>foedissima</span> <span class='ocrx_word' id='word_1_9' title='bbox 1147 237 1320 283; x_wconf 83' lang='lat' dir='ltr'>ventris</span> 
     </span>
     <span class='ocr_line' id='line_1_3' title="bbox 157 303 1411 366; baseline -0.001 -16"><span class='ocrx_word' id='word_1_10' title='bbox 157 304 420 358; x_wconf 85' lang='lat' dir='ltr'>Proluvies,</span> <span class='ocrx_word' id='word_1_11' title='bbox 459 318 696 364; x_wconf 83' lang='lat' dir='ltr'>uncaeque</span> <span class='ocrx_word' id='word_1_12' title='bbox 723 319 904 358; x_wconf 82' lang='lat' dir='ltr'>manus,</span> <span class='ocrx_word' id='word_1_13' title='bbox 946 312 993 348; x_wconf 91' lang='lat' dir='ltr'>et</span> <span class='ocrx_word' id='word_1_14' title='bbox 1020 303 1201 364; x_wconf 79' lang='lat' dir='ltr'>pallida</span> <span class='ocrx_word' id='word_1_15' title='bbox 1223 320 1411 366; x_wconf 79' lang='lat' dir='ltr'>semper</span> 
     </span>
     <span class='ocr_line' id='line_1_4' title="bbox 159 369 425 418; baseline -0.019 0"><span class='ocrx_word' id='word_1_16' title='bbox 159 373 260 418; x_wconf 86' lang='lat' dir='ltr'>Ora</span> <span class='ocrx_word' id='word_1_17' title='bbox 285 369 425 415; x_wconf 79' lang='lat' dir='ltr'>fame..</span> 
     </span>
    </p>

    <p class='ocr_par' dir='ltr' id='par_1_3' title="bbox 153 433 1490 2564">
     <span class='ocr_line' id='line_1_5' title="bbox 222 433 1276 497; baseline 0 -16"><span class='ocrx_word' id='word_1_18' title='bbox 222 437 330 481; x_wconf 91' lang='lat' dir='ltr'>Huc</span> <span class='ocrx_word' id='word_1_19' title='bbox 356 437 436 484; x_wconf 86' lang='lat' dir='ltr'>ubi</span> <span class='ocrx_word' id='word_1_20' title='bbox 457 433 602 480; x_wconf 85' lang='lat' dir='ltr'>delati</span> <span class='ocrx_word' id='word_1_21' title='bbox 628 444 796 497; x_wconf 88' lang='lat' dir='ltr'>portus</span> <span class='ocrx_word' id='word_1_22' title='bbox 823 434 1125 488; x_wconf 80' lang='lat' dir='ltr'>int1·avin1us;</span> <span class='ocrx_word' id='word_1_23' title='bbox 1163 452 1276 481; x_wconf 87' lang='lat' dir='ltr'>ecce</span> 
     </span>
     <span class='ocr_line' id='line_1_6' title="bbox 157 501 1490 563; baseline 0 -14"><span class='ocrx_word' id='word_1_24' title='bbox 157 504 287 549; x_wconf 80' lang='lat' dir='ltr'>Laeta</span> <span class='ocrx_word' id='word_1_25' title='bbox 316 503 458 548; x_wconf 90' lang='lat' dir='ltr'>boum</span> <span class='ocrx_word' id='word_1_26' title='bbox 481 501 654 563; x_wconf 80' lang='lat' dir='ltr'>passim</span> <span class='ocrx_word' id='word_1_27' title='bbox 684 502 865 563; x_wconf 75' lang='lat' dir='ltr'>campis</span> <span class='ocrx_word' id='word_1_28' title='bbox 892 511 1103 547; x_wconf 81' lang='lat' dir='ltr'>armenta</span> <span class='ocrx_word' id='word_1_29' title='bbox 1131 501 1364 556; x_wconf 84' lang='lat' dir='ltr'>videmus,</span> <span class='ocrx_word' id='word_1_30' title='bbox 1394 510 1490 550; x_wconf 67' lang='lat'>⁴220</span> 
     </span>
     <span class='ocr_line' id='line_1_7' title="bbox 155 568 1488 631; baseline -0.001 -15"><span class='ocrx_word' id='word_1_31' title='bbox 155 569 570 631; x_wconf 79' lang='lat' dir='ltr'>Caprigenumque</span> <span class='ocrx_word' id='word_1_32' title='bbox 596 584 761 630; x_wconf 80' lang='lat' dir='ltr'>pecus,</span> <span class='ocrx_word' id='word_1_33' title='bbox 791 569 921 614; x_wconf 86' lang='lat' dir='ltr'>nullo</span> <span class='ocrx_word' id='word_1_34' title='bbox 948 568 1167 622; x_wconf 81' lang='lat' dir='ltr'>custode,</span> <span class='ocrx_word' id='word_1_35' title='bbox 1192 584 1279 630; x_wconf 82' lang='lat' dir='ltr'>per</span> <span class='ocrx_word' id='word_1_36' title='bbox 1301 570 1488 615; x_wconf 73' lang='lat' dir='ltr'>herbas.</span> 
     </span>
     <span class='ocr_line' id='line_1_8' title="bbox 155 635 1333 696; baseline -0.001 -15"><span class='ocrx_word' id='word_1_37' title='bbox 155 635 385 681; x_wconf 83' lang='lat' dir='ltr'>Irruimns</span> <span class='ocrx_word' id='word_1_38' title='bbox 412 635 553 687; x_wconf 85' lang='lat' dir='ltr'>ferro,</span> <span class='ocrx_word' id='word_1_39' title='bbox 576 644 624 680; x_wconf 87' lang='lat' dir='ltr'>et</span> <span class='ocrx_word' id='word_1_40' title='bbox 652 636 800 681; x_wconf 84' lang='lat' dir='ltr'>Divos</span> <span class='ocrx_word' id='word_1_41' title='bbox 827 636 1081 696; x_wconf 84' lang='lat' dir='ltr'>ipsumque</span> <span class='ocrx_word' id='word_1_42' title='bbox 1103 650 1333 680; x_wconf 80' lang='lat' dir='ltr'>vocamus</span> 
     </span>
     <span class='ocr_line' id='line_1_9' title="bbox 156 701 1490 763; baseline -0.001 -16"><span class='ocrx_word' id='word_1_43' title='bbox 156 703 208 748; x_wconf 84' lang='lat' dir='ltr'>ln</span> <span class='ocrx_word' id='word_1_44' title='bbox 236 711 416 763; x_wconf 84' lang='lat' dir='ltr'>partem</span> <span class='ocrx_word' id='word_1_45' title='bbox 445 701 757 763; x_wconf 71' lang='lat' dir='ltr'>praedamque</span> <span class='ocrx_word' id='word_1_46' title='bbox 781 703 977 749; x_wconf 82' lang='lat' dir='ltr'>Jovem:</span> <span class='ocrx_word' id='word_1_47' title='bbox 1018 711 1116 747; x_wconf 87' lang='lat' dir='ltr'>tum</span> <span class='ocrx_word' id='word_1_48' title='bbox 1158 701 1314 747; x_wconf 84' lang='lat' dir='ltr'>littore</span> <span class='ocrx_word' id='word_1_49' title='bbox 1341 718 1490 748; x_wconf 81' lang='lat' dir='ltr'>curvo</span> 
     </span>
     <span class='ocr_line' id='line_1_10' title="bbox 155 767 1487 831; baseline -0.002 -16"><span class='ocrx_word' id='word_1_50' title='bbox 155 769 530 830; x_wconf 87' lang='lat' dir='ltr'>Extruimusque</span> <span class='ocrx_word' id='word_1_51' title='bbox 547 776 695 824; x_wconf 86' lang='lat' dir='ltr'>toros,</span> <span class='ocrx_word' id='word_1_52' title='bbox 714 769 1018 831; x_wconf 81' lang='lat' dir='ltr'>dapibusque</span> <span class='ocrx_word' id='word_1_53' title='bbox 1030 768 1281 829; x_wconf 82' lang='lat' dir='ltr'>epulamur</span> <span class='ocrx_word' id='word_1_54' title='bbox 1296 767 1487 831; x_wconf 87' lang='lat' dir='ltr'>opimis.</span> 
     </span>
     <span class='ocr_line' id='line_1_11' title="bbox 158 833 1391 897; baseline -0.001 -15"><span class='ocrx_word' id='word_1_55' title='bbox 158 840 221 882; x_wconf 86' lang='lat' dir='ltr'>At</span> <span class='ocrx_word' id='word_1_56' title='bbox 246 836 417 882; x_wconf 82' lang='lat' dir='ltr'>subitae</span> <span class='ocrx_word' id='word_1_57' title='bbox 444 833 670 881; x_wconf 79' lang='lat' dir='ltr'>horrifico</span> <span class='ocrx_word' id='word_1_58' title='bbox 696 836 833 897; x_wconf 74' lang='lat' dir='ltr'>lapsu</span> <span class='ocrx_word' id='word_1_59' title='bbox 858 835 916 881; x_wconf 90' lang='lat' dir='ltr'>de</span> <span class='ocrx_word' id='word_1_60' title='bbox 943 835 1190 880; x_wconf 88' lang='lat' dir='ltr'>montibus</span> <span class='ocrx_word' id='word_1_61' title='bbox 1215 835 1391 881; x_wconf 80' lang='lat' dir='ltr'>adsunt</span> 
     </span>
     <span class='ocr_line' id='line_1_12' title="bbox 156 901 1388 965; baseline 0 -18"><span class='ocrx_word' id='word_1_62' title='bbox 156 903 399 965; x_wconf 79' lang='lat' dir='ltr'>Harpyiae,</span> <span class='ocrx_word' id='word_1_63' title='bbox 426 912 473 948; x_wconf 90' lang='lat' dir='ltr'>et</span> <span class='ocrx_word' id='word_1_64' title='bbox 498 902 682 963; x_wconf 78' lang='lat' dir='ltr'>magnis</span> <span class='ocrx_word' id='word_1_65' title='bbox 710 903 927 964; x_wconf 79' lang='lat' dir='ltr'>quatiunt</span> <span class='ocrx_word' id='word_1_66' title='bbox 953 901 1253 963; x_wconf 84' lang='lat' dir='ltr'>clangoribus</span> <span class='ocrx_word' id='word_1_67' title='bbox 1276 902 1388 957; x_wconf 77' lang='lat' dir='ltr'>alas,</span> 
     </span>
     <span class='ocr_line' id='line_1_13' title="bbox 156 968 1436 1032; baseline 0.002 -19"><span class='ocrx_word' id='word_1_68' title='bbox 156 969 501 1032; x_wconf 76' lang='lat' dir='ltr'>Diripiantque</span> <span class='ocrx_word' id='word_1_69' title='bbox 526 968 692 1029; x_wconf 75' lang='lat' dir='ltr'>dapes,</span> <span class='ocrx_word' id='word_1_70' title='bbox 720 977 1046 1030; x_wconf 77' lang='lat' dir='ltr'>contactuque</span> <span class='ocrx_word' id='word_1_71' title='bbox 1066 968 1227 1014; x_wconf 82' lang='lat' dir='ltr'>omnia</span> <span class='ocrx_word' id='word_1_72' title='bbox 1251 968 1436 1015; x_wconf 71' lang='lat' dir='ltr'>foedant</span> 
     </span>
     <span class='ocr_line' id='line_1_14' title="bbox 158 1034 1423 1084; baseline -0.002 -2"><span class='ocrx_word' id='word_1_73' title='bbox 158 1035 443 1084; x_wconf 79' lang='lat' dir='ltr'>immundo:</span> <span class='ocrx_word' id='word_1_74' title='bbox 485 1044 585 1081; x_wconf 88' lang='lat' dir='ltr'>tum</span> <span class='ocrx_word' id='word_1_75' title='bbox 615 1051 703 1082; x_wconf 80' lang='lat' dir='ltr'>vox</span> <span class='ocrx_word' id='word_1_76' title='bbox 731 1044 904 1082; x_wconf 84' lang='lat' dir='ltr'>tetrum</span> <span class='ocrx_word' id='word_1_77' title='bbox 932 1036 1032 1080; x_wconf 79' lang='lat' dir='ltr'>dira</span> <span class='ocrx_word' id='word_1_78' title='bbox 1059 1034 1183 1082; x_wconf 86' lang='lat' dir='ltr'>inter</span> <span class='ocrx_word' id='word_1_79' title='bbox 1207 1035 1423 1083; x_wconf 88' lang='lat' dir='ltr'>odorem.</span> 
     </span>
     <span class='ocr_line' id='line_1_15' title="bbox 157 1103 1287 1163; baseline -0.002 -13"><span class='ocrx_word' id='word_1_80' title='bbox 157 1105 368 1150; x_wconf 80' lang='lat' dir='ltr'>Rursum</span> <span class='ocrx_word' id='word_1_81' title='bbox 391 1103 437 1148; x_wconf 90' lang='lat' dir='ltr'>in</span> <span class='ocrx_word' id='word_1_82' title='bbox 462 1118 653 1149; x_wconf 85' lang='lat' dir='ltr'>secessu</span> <span class='ocrx_word' id='word_1_83' title='bbox 678 1103 819 1163; x_wconf 83' lang='lat' dir='ltr'>longo</span> <span class='ocrx_word' id='word_1_84' title='bbox 845 1103 934 1148; x_wconf 75' lang='lat' dir='ltr'>sul»</span> <span class='ocrx_word' id='word_1_85' title='bbox 961 1118 1078 1163; x_wconf 78' lang='lat' dir='ltr'>rupe</span> <span class='ocrx_word' id='word_1_86' title='bbox 1103 1103 1287 1157; x_wconf 54' lang='lat' dir='ltr'>cavata,</span> 
     </span>
     <span class='ocr_line' id='line_1_16' title="bbox 155 1168 1488 1231; baseline 0 -17"><span class='ocrx_word' id='word_1_87' title='bbox 155 1171 420 1215; x_wconf 63' lang='lat' dir='ltr'>Arboribus</span> <span class='ocrx_word' id='word_1_88' title='bbox 440 1168 588 1216; x_wconf 76' lang='lat' dir='ltr'>clausi</span> <span class='ocrx_word' id='word_1_89' title='bbox 608 1168 790 1215; x_wconf 77' lang='lat' dir='ltr'>circum</span> <span class='ocrx_word' id='word_1_90' title='bbox 813 1177 958 1231; x_wconf 87' lang='lat' dir='ltr'>atque</span> <span class='ocrx_word' id='word_1_91' title='bbox 974 1169 1277 1215; x_wconf 84' lang='lat' dir='ltr'>horrentibus</span> <span class='ocrx_word' id='word_1_92' title='bbox 1290 1168 1488 1226; x_wconf 80' lang='lat' dir='ltr'>umbris,</span> 
     </span>
     <span class='ocr_line' id='line_1_17' title="bbox 155 1235 1388 1298; baseline 0 -16"><span class='ocrx_word' id='word_1_93' title='bbox 155 1237 441 1283; x_wconf 76' lang='lat' dir='ltr'>instruimus</span> <span class='ocrx_word' id='word_1_94' title='bbox 470 1252 673 1292; x_wconf 86' lang='lat' dir='ltr'>mensas,</span> <span class='ocrx_word' id='word_1_95' title='bbox 700 1237 890 1298; x_wconf 80' lang='lat' dir='ltr'>arisque</span> <span class='ocrx_word' id='word_1_96' title='bbox 913 1235 1188 1297; x_wconf 86' lang='lat' dir='ltr'>reponimus</span> <span class='ocrx_word' id='word_1_97' title='bbox 1213 1236 1388 1296; x_wconf 76' lang='lat' dir='ltr'>ignem.</span> 
     </span>
     <span class='ocr_line' id='line_1_18' title="bbox 155 1302 1488 1364; baseline 0.002 -15"><span class='ocrx_word' id='word_1_98' title='bbox 155 1303 362 1349; x_wconf 83' lang='lat' dir='ltr'>Rursum</span> <span class='ocrx_word' id='word_1_99' title='bbox 390 1321 446 1349; x_wconf 79' lang='lat' dir='ltr'>ex</span> <span class='ocrx_word' id='word_1_100' title='bbox 467 1303 653 1349; x_wconf 82' lang='lat' dir='ltr'>diverso</span> <span class='ocrx_word' id='word_1_101' title='bbox 675 1303 780 1349; x_wconf 84' lang='lat' dir='ltr'>coeli</span> <span class='ocrx_word' id='word_1_102' title='bbox 808 1303 1044 1364; x_wconf 81' lang='lat' dir='ltr'>caecisque</span> <span class='ocrx_word' id='word_1_103' title='bbox 1059 1302 1254 1348; x_wconf 80' lang='lat' dir='ltr'>latebris</span> <span class='ocrx_word' id='word_1_104' title='bbox 1393 1309 1488 1351; x_wconf 74' lang='lat'>‘232</span> 
     </span>
     <span class='ocr_line' id='line_1_19' title="bbox 154 1368 1486 1431; baseline 0 -16"><span class='ocrx_word' id='word_1_105' title='bbox 154 1369 321 1416; x_wconf 79' lang='lat' dir='ltr'>Turba</span> <span class='ocrx_word' id='word_1_106' title='bbox 342 1385 515 1415; x_wconf 86' lang='lat' dir='ltr'>sonans</span> <span class='ocrx_word' id='word_1_107' title='bbox 529 1369 745 1431; x_wconf 80' lang='lat' dir='ltr'>praedam</span> <span class='ocrx_word' id='word_1_108' title='bbox 767 1368 972 1431; x_wconf 83' lang='lat' dir='ltr'>pedibus</span> <span class='ocrx_word' id='word_1_109' title='bbox 995 1369 1311 1415; x_wconf 81' lang='lat' dir='ltr'>circumvolat</span> <span class='ocrx_word' id='word_1_110' title='bbox 1330 1371 1486 1415; x_wconf 78' lang='lat' dir='ltr'>uncis:</span> 
     </span>
     <span class='ocr_line' id='line_1_20' title="bbox 164 1434 1487 1498; baseline -0.001 -16"><span class='ocrx_word' id='word_1_111' title='bbox 164 1436 338 1483; x_wconf 83' lang='lat' dir='ltr'>Polluit</span> <span class='ocrx_word' id='word_1_112' title='bbox 364 1452 445 1482; x_wconf 85' lang='lat' dir='ltr'>ore</span> <span class='ocrx_word' id='word_1_113' title='bbox 472 1437 637 1498; x_wconf 77' lang='lat' dir='ltr'>dapeS.</span> <span class='ocrx_word' id='word_1_114' title='bbox 713 1434 866 1482; x_wconf 87' lang='lat' dir='ltr'>Sociis</span> <span class='ocrx_word' id='word_1_115' title='bbox 902 1444 1034 1491; x_wconf 88' lang='lat' dir='ltr'>tunc,</span> <span class='ocrx_word' id='word_1_116' title='bbox 1057 1451 1189 1481; x_wconf 84' lang='lat' dir='ltr'>arma</span> <span class='ocrx_word' id='word_1_117' title='bbox 1215 1445 1487 1497; x_wconf 74' lang='lat' dir='ltr'>capessant,</span> 
     </span>
     <span class='ocr_line' id='line_1_21' title="bbox 154 1501 1331 1563; baseline -0.002 -14"><span class='ocrx_word' id='word_1_118' title='bbox 154 1503 325 1558; x_wconf 86' lang='lat' dir='ltr'>Edico,</span> <span class='ocrx_word' id='word_1_119' title='bbox 347 1511 394 1548; x_wconf 88' lang='lat' dir='ltr'>et</span> <span class='ocrx_word' id='word_1_120' title='bbox 420 1502 522 1549; x_wconf 54' lang='lat' dir='ltr'>dira</span> <span class='ocrx_word' id='word_1_121' title='bbox 549 1503 727 1548; x_wconf 84' lang='lat' dir='ltr'>bellum</span> <span class='ocrx_word' id='word_1_122' title='bbox 753 1518 862 1548; x_wconf 88' lang='lat' dir='ltr'>cum</span> <span class='ocrx_word' id='word_1_123' title='bbox 891 1510 1029 1563; x_wconf 82' lang='lat' dir='ltr'>gente</span> <span class='ocrx_word' id='word_1_124' title='bbox 1056 1501 1331 1562; x_wconf 81' lang='lat' dir='ltr'>gerendum.</span> 
     </span>
     <span class='ocr_line' id='line_1_22' title="bbox 157 1568 1489 1630; baseline -0.002 -14"><span class='ocrx_word' id='word_1_125' title='bbox 157 1569 297 1616; x_wconf 72' lang='lat' dir='ltr'>{laud</span> <span class='ocrx_word' id='word_1_126' title='bbox 321 1585 459 1616; x_wconf 88' lang='lat' dir='ltr'>secus</span> <span class='ocrx_word' id='word_1_127' title='bbox 476 1568 663 1629; x_wconf 83' lang='lat' dir='ltr'>acjussi</span> <span class='ocrx_word' id='word_1_128' title='bbox 701 1568 1169 1628; x_wconf 55' lang='lat' dir='ltr'>faciunntectosque</span> <span class='ocrx_word' id='word_1_129' title='bbox 1191 1584 1275 1630; x_wconf 89' lang='lat' dir='ltr'>per</span> <span class='ocrx_word' id='word_1_130' title='bbox 1293 1568 1489 1614; x_wconf 78' lang='lat' dir='ltr'>herbam</span> 
     </span>
     <span class='ocr_line' id='line_1_23' title="bbox 154 1636 1334 1697; baseline -0.002 -15"><span class='ocrx_word' id='word_1_131' title='bbox 154 1636 432 1697; x_wconf 81' lang='lat' dir='ltr'>Disponunt</span> <span class='ocrx_word' id='word_1_132' title='bbox 458 1651 612 1692; x_wconf 80' lang='lat' dir='ltr'>enses,</span> <span class='ocrx_word' id='word_1_133' title='bbox 639 1643 685 1681; x_wconf 90' lang='lat' dir='ltr'>et</span> <span class='ocrx_word' id='word_1_134' title='bbox 712 1644 849 1680; x_wconf 82' lang='lat' dir='ltr'>scuta</span> <span class='ocrx_word' id='word_1_135' title='bbox 878 1636 1070 1680; x_wconf 65' lang='lat' dir='ltr'>latentia</span> <span class='ocrx_word' id='word_1_136' title='bbox 1097 1636 1334 1680; x_wconf 86' lang='lat' dir='ltr'>condunt.</span> 
     </span>
     <span class='ocr_line' id='line_1_24' title="bbox 155 1701 1367 1764; baseline -0.001 -17"><span class='ocrx_word' id='word_1_137' title='bbox 155 1702 298 1761; x_wconf 66' lang='lat' dir='ltr'>Ergo,</span> <span class='ocrx_word' id='word_1_138' title='bbox 329 1703 408 1748; x_wconf 88' lang='lat' dir='ltr'>ubi</span> <span class='ocrx_word' id='word_1_139' title='bbox 435 1701 647 1764; x_wconf 79' lang='lat' dir='ltr'>delapsae</span> <span class='ocrx_word' id='word_1_140' title='bbox 668 1701 873 1748; x_wconf 82' lang='lat' dir='ltr'>sonitum</span> <span class='ocrx_word' id='word_1_141' title='bbox 902 1717 987 1763; x_wconf 82' lang='lat' dir='ltr'>per</span> <span class='ocrx_word' id='word_1_142' title='bbox 1012 1717 1161 1748; x_wconf 78' lang='lat' dir='ltr'>cui-va</span> <span class='ocrx_word' id='word_1_143' title='bbox 1186 1701 1367 1747; x_wconf 73' lang='lat' dir='ltr'>dedere</span> 
     </span>
     <span class='ocr_line' id='line_1_25' title="bbox 155 1768 1353 1830; baseline 0 -16"><span class='ocrx_word' id='word_1_144' title='bbox 155 1769 363 1822; x_wconf 81' lang='lat' dir='ltr'>Littora3</span> <span class='ocrx_word' id='word_1_145' title='bbox 402 1768 483 1814; x_wconf 80' lang='lat' dir='ltr'>dat</span> <span class='ocrx_word' id='word_1_146' title='bbox 510 1770 691 1830; x_wconf 83' lang='lat' dir='ltr'>signum</span> <span class='ocrx_word' id='word_1_147' title='bbox 715 1769 913 1830; x_wconf 68' lang='lat' dir='ltr'>specul-5,</span> <span class='ocrx_word' id='word_1_148' title='bbox 942 1769 1154 1815; x_wconf 85' lang='lat' dir='ltr'>Misenus</span> <span class='ocrx_word' id='word_1_149' title='bbox 1180 1771 1240 1814; x_wconf 78' lang='lat' dir='ltr'>ab</span> <span class='ocrx_word' id='word_1_150' title='bbox 1257 1770 1353 1814; x_wconf 59' lang='lat' dir='ltr'>alt&amp;</span> 
     </span>
     <span class='ocr_line' id='line_1_26' title="bbox 153 1834 1488 1895; baseline 0 -14"><span class='ocrx_word' id='word_1_151' title='bbox 153 1836 263 1881; x_wconf 75' lang='lat' dir='ltr'>AEre</span> <span class='ocrx_word' id='word_1_152' title='bbox 289 1851 433 1882; x_wconf 78' lang='lat' dir='ltr'>cavo:</span> <span class='ocrx_word' id='word_1_153' title='bbox 474 1835 707 1881; x_wconf 84' lang='lat' dir='ltr'>invadunt</span> <span class='ocrx_word' id='word_1_154' title='bbox 729 1834 863 1890; x_wconf 84' lang='lat' dir='ltr'>socii,</span> <span class='ocrx_word' id='word_1_155' title='bbox 891 1846 939 1881; x_wconf 89' lang='lat' dir='ltr'>et</span> <span class='ocrx_word' id='word_1_156' title='bbox 963 1852 1084 1881; x_wconf 80' lang='lat' dir='ltr'>nova</span> <span class='ocrx_word' id='word_1_157' title='bbox 1105 1834 1268 1895; x_wconf 81' lang='lat' dir='ltr'>praelia</span> <span class='ocrx_word' id='word_1_158' title='bbox 1288 1844 1488 1890; x_wconf 70' lang='lat' dir='ltr'>tentant,</span> 
     </span>
     <span class='ocr_line' id='line_1_27' title="bbox 154 1900 1483 1964; baseline 0.001 -16"><span class='ocrx_word' id='word_1_159' title='bbox 154 1902 423 1948; x_wconf 78' lang='lat' dir='ltr'>Obscoenas</span> <span class='ocrx_word' id='word_1_160' title='bbox 446 1902 599 1964; x_wconf 82' lang='lat' dir='ltr'>pelagi</span> <span class='ocrx_word' id='word_1_161' title='bbox 622 1901 745 1947; x_wconf 85' lang='lat' dir='ltr'>ferro</span> <span class='ocrx_word' id='word_1_162' title='bbox 771 1900 947 1948; x_wconf 78' lang='lat' dir='ltr'>foedare</span> <span class='ocrx_word' id='word_1_163' title='bbox 976 1902 1206 1948; x_wconf 82' lang='lat' dir='ltr'>volucres.</span> <span class='ocrx_word' id='word_1_164' title='bbox 1395 1909 1483 1949; x_wconf 61' lang='lat'>⁴241</span> 
     </span>
     <span class='ocr_line' id='line_1_28' title="bbox 153 1968 1479 2031; baseline 0.001 -18"><span class='ocrx_word' id='word_1_165' title='bbox 153 1968 247 2014; x_wconf 85' lang='lat' dir='ltr'>Sed</span> <span class='ocrx_word' id='word_1_166' title='bbox 274 1984 433 2030; x_wconf 88' lang='lat' dir='ltr'>neque</span> <span class='ocrx_word' id='word_1_167' title='bbox 453 1969 542 2014; x_wconf 85' lang='lat' dir='ltr'>vim</span> <span class='ocrx_word' id='word_1_168' title='bbox 571 1969 743 2030; x_wconf 84' lang='lat' dir='ltr'>plumis</span> <span class='ocrx_word' id='word_1_169' title='bbox 769 1968 932 2023; x_wconf 78' lang='lat' dir='ltr'>ullam,</span> <span class='ocrx_word' id='word_1_170' title='bbox 972 1985 1057 2014; x_wconf 86' lang='lat' dir='ltr'>nec</span> <span class='ocrx_word' id='word_1_171' title='bbox 1086 1970 1281 2014; x_wconf 84' lang='lat' dir='ltr'>vulnera</span> <span class='ocrx_word' id='word_1_172' title='bbox 1301 1977 1433 2031; x_wconf 77' lang='lat' dir='ltr'>tergo</span> <span class='ocrx_word' id='word_1_173' title='bbox 1471 1999 1479 2009; x_wconf 83' lang='lat'><strong>·</strong></span> 
     </span>
     <span class='ocr_line' id='line_1_29' title="bbox 155 2034 1324 2097; baseline -0.001 -16"><span class='ocrx_word' id='word_1_174' title='bbox 155 2035 416 2096; x_wconf 82' lang='lat' dir='ltr'>Accipiunt</span> <span class='ocrx_word' id='word_1_175' title='bbox 439 2052 450 2087; x_wconf 89' lang='grc'><strong>;</strong></span> <span class='ocrx_word' id='word_1_176' title='bbox 489 2035 729 2097; x_wconf 84' lang='lat' dir='ltr'>celerique</span> <span class='ocrx_word' id='word_1_177' title='bbox 746 2034 860 2095; x_wconf 53' lang='lat' dir='ltr'>fuga</span> <span class='ocrx_word' id='word_1_178' title='bbox 886 2036 975 2081; x_wconf 87' lang='lat' dir='ltr'>sub</span> <span class='ocrx_word' id='word_1_179' title='bbox 998 2035 1152 2081; x_wconf 79' lang='lat' dir='ltr'>sidera</span> <span class='ocrx_word' id='word_1_180' title='bbox 1179 2035 1324 2097; x_wconf 76' lang='lat' dir='ltr'>lapsae</span> 
     </span>
     <span class='ocr_line' id='line_1_30' title="bbox 154 2101 1399 2165; baseline 0.002 -18"><span class='ocrx_word' id='word_1_181' title='bbox 154 2102 392 2148; x_wconf 82' lang='lat' dir='ltr'>Semesam</span> <span class='ocrx_word' id='word_1_182' title='bbox 422 2101 636 2163; x_wconf 85' lang='lat' dir='ltr'>praedam</span> <span class='ocrx_word' id='word_1_183' title='bbox 665 2110 708 2147; x_wconf 84' lang='lat' dir='ltr'>et</span> <span class='ocrx_word' id='word_1_184' title='bbox 732 2101 928 2162; x_wconf 76' lang='lat' dir='ltr'>vestigia</span> <span class='ocrx_word' id='word_1_185' title='bbox 954 2103 1078 2148; x_wconf 77' lang='lat' dir='ltr'>foeda</span> <span class='ocrx_word' id='word_1_186' title='bbox 1106 2102 1399 2165; x_wconf 85' lang='lat' dir='ltr'>relinquunt.</span> 
     </span>
     <span class='ocr_line' id='line_1_31' title="bbox 153 2168 1209 2231; baseline -0.001 -16"><span class='ocrx_word' id='word_1_187' title='bbox 153 2168 260 2215; x_wconf 84' lang='lat' dir='ltr'>Una</span> <span class='ocrx_word' id='word_1_188' title='bbox 287 2169 330 2214; x_wconf 88' lang='lat' dir='ltr'>in</span> <span class='ocrx_word' id='word_1_189' title='bbox 359 2169 592 2230; x_wconf 61' lang='lat' dir='ltr'>praecelsfi</span> <span class='ocrx_word' id='word_1_190' title='bbox 613 2168 830 2214; x_wconf 79' lang='lat' dir='ltr'>consedit</span> <span class='ocrx_word' id='word_1_191' title='bbox 853 2184 970 2231; x_wconf 83' lang='lat' dir='ltr'>rupe</span> <span class='ocrx_word' id='word_1_192' title='bbox 997 2169 1209 2224; x_wconf 83' lang='lat' dir='ltr'>Celaeno,</span> 
     </span>
     <span class='ocr_line' id='line_1_32' title="bbox 154 2234 1405 2297; baseline 0.002 -18"><span class='ocrx_word' id='word_1_193' title='bbox 154 2234 324 2281; x_wconf 73' lang='lat' dir='ltr'>Infelix</span> <span class='ocrx_word' id='word_1_194' title='bbox 353 2245 499 2292; x_wconf 85' lang='lat' dir='ltr'>vates,</span> <span class='ocrx_word' id='word_1_195' title='bbox 529 2235 806 2296; x_wconf 85' lang='lat' dir='ltr'>rumpitque</span> <span class='ocrx_word' id='word_1_196' title='bbox 831 2234 954 2282; x_wconf 83' lang='lat' dir='ltr'>hanc</span> <span class='ocrx_word' id='word_1_197' title='bbox 982 2245 1179 2297; x_wconf 84' lang='lat' dir='ltr'>pectore</span> <span class='ocrx_word' id='word_1_198' title='bbox 1207 2252 1372 2282; x_wconf 72' lang='lat' dir='ltr'>vocem</span> <span class='ocrx_word' id='word_1_199' title='bbox 1395 2253 1405 2282; x_wconf 74' lang='grc' dir='ltr'>ε</span> 
     </span>
     <span class='ocr_line' id='line_1_33' title="bbox 153 2301 1488 2364; baseline 0.001 -18"><span class='ocrx_word' id='word_1_200' title='bbox 153 2301 339 2348; x_wconf 81' lang='lat' dir='ltr'>Bellum</span> <span class='ocrx_word' id='word_1_201' title='bbox 361 2302 504 2348; x_wconf 85' lang='lat' dir='ltr'>etiam</span> <span class='ocrx_word' id='word_1_202' title='bbox 525 2318 614 2363; x_wconf 88' lang='lat' dir='ltr'>pro</span> <span class='ocrx_word' id='word_1_203' title='bbox 640 2302 776 2347; x_wconf 82' lang='lat' dir='ltr'>caede</span> <span class='ocrx_word' id='word_1_204' title='bbox 802 2301 947 2349; x_wconf 87' lang='lat' dir='ltr'>boum</span> <span class='ocrx_word' id='word_1_205' title='bbox 972 2303 1227 2364; x_wconf 77' lang='lat' dir='ltr'>stratisque</span> <span class='ocrx_word' id='word_1_206' title='bbox 1245 2302 1488 2362; x_wconf 80' lang='lat' dir='ltr'>juvencis,</span> 
     </span>
     <span class='ocr_line' id='line_1_34' title="bbox 155 2367 1300 2431; baseline 0.002 -18"><span class='ocrx_word' id='word_1_207' title='bbox 155 2367 598 2423; x_wconf 65' lang='lat' dir='ltr'>Laomedontiadas,</span> <span class='ocrx_word' id='word_1_208' title='bbox 640 2368 881 2416; x_wconf 83' lang='lat' dir='ltr'>bellumue</span> <span class='ocrx_word' id='word_1_209' title='bbox 907 2368 1078 2415; x_wconf 77' lang='lat' dir='ltr'>inferre</span> <span class='ocrx_word' id='word_1_210' title='bbox 1106 2369 1300 2431; x_wconf 79' lang='lat' dir='ltr'>paratis,</span> 
     </span>
     <span class='ocr_line' id='line_1_35' title="bbox 155 2434 1459 2498; baseline 0.001 -19"><span class='ocrx_word' id='word_1_211' title='bbox 155 2434 216 2479; x_wconf 79' lang='lat' dir='ltr'>Et</span> <span class='ocrx_word' id='word_1_212' title='bbox 244 2434 399 2496; x_wconf 85' lang='lat' dir='ltr'>patrio</span> <span class='ocrx_word' id='word_1_213' title='bbox 423 2434 639 2482; x_wconf 89' lang='lat' dir='ltr'>insontes</span> <span class='ocrx_word' id='word_1_214' title='bbox 667 2435 909 2497; x_wconf 75' lang='lat' dir='ltr'>Harpyias</span> <span class='ocrx_word' id='word_1_215' title='bbox 936 2436 1110 2498; x_wconf 82' lang='lat' dir='ltr'>pellere</span> <span class='ocrx_word' id='word_1_216' title='bbox 1136 2452 1283 2494; x_wconf 74' lang='lat' dir='ltr'>regno</span> <span class='ocrx_word' id='word_1_217' title='bbox 1306 2438 1322 2482; x_wconf 70' lang='lat'>3</span> <span class='ocrx_word' id='word_1_218' title='bbox 1396 2443 1459 2482; x_wconf 65' lang='lat'>⁴24,</span> 
     </span>
     <span class='ocr_line' id='line_1_36' title="bbox 155 2500 1448 2564; baseline 0 -17"><span class='ocrx_word' id='word_1_219' title='bbox 155 2500 379 2564; x_wconf 84' lang='lat' dir='ltr'>Accipite</span> <span class='ocrx_word' id='word_1_220' title='bbox 404 2501 517 2564; x_wconf 73' lang='lat' dir='ltr'>ergo</span> <span class='ocrx_word' id='word_1_221' title='bbox 542 2501 712 2548; x_wconf 83' lang='lat' dir='ltr'>animis</span> <span class='ocrx_word' id='word_1_222' title='bbox 738 2509 881 2563; x_wconf 76' lang='lat' dir='ltr'>atque</span> <span class='ocrx_word' id='word_1_223' title='bbox 910 2503 1013 2549; x_wconf 78' lang='lat' dir='ltr'>haec</span> <span class='ocrx_word' id='word_1_224' title='bbox 1043 2518 1144 2549; x_wconf 81' lang='lat' dir='ltr'>mea</span> <span class='ocrx_word' id='word_1_225' title='bbox 1181 2502 1308 2564; x_wconf 81' lang='lat' dir='ltr'>figite</span> <span class='ocrx_word' id='word_1_226' title='bbox 1331 2501 1408 2548; x_wconf 73' lang='lat' dir='ltr'>dic</span> <span class='ocrx_word' id='word_1_227' title='bbox 1445 2527 1448 2530; x_wconf 60' lang='lat'><em>&gt;</em></span> 
     </span>
    </p>
   </div>
  </div>
 </body>
</html>
