1586 2704
545 109 807 145 AEumnos
847 108 959 142 121ss.
998 107 1105 140 xii.
1371 98 1466 141 385

174 225 302 280 Quid
323 240 449 272 nunc
467 233 511 271 te
527 232 623 281 tua,
647 225 822 280 Turne,
849 232 1010 286 potest
1029 235 1250 279 germana
1267 221 1467 282 juvare?

172 295 271 339 Aut
288 291 515 355 quidjam
555 290 689 336 durae
729 298 924 352 superat
940 289 1079 335 mihi?
1100 290 1193 350 qua
1209 289 1297 334 tibi
1314 287 1466 335 lucem

172 361 290 405 Arte
314 359 496 404 morer?
519 356 645 403 talin'
663 373 851 418 possum
873 372 944 402 me
964 371 1200 417 opponere
1220 357 1469 403 monstro‘3

171 425 277 472 Jam
294 424 396 486 jam
420 423 585 486 linquo
609 424 749 470 acies.
820 423 894 469 Ne
921 439 991 468 nie
1019 429 1188 474 terrete
1212 422 1469 478 timentem,

173 491 430 538 Obscoenae
454 490 698 546 volucres;
733 490 910 537 alarum
937 489 1128 535 verbera
1150 503 1315 545 nosco,

171 557 480 618 Letalemque
504 558 699 611 sonum;
737 573 826 604 nec
853 554 1018 602 fallunt
1035 556 1170 617 jussa
1196 556 1397 617 superba
1497 591 1508 621 3

171 624 467 684 Magnanimi
492 624 639 670 Jovis.
710 623 829 670 Haec
853 638 940 685 pro
966 622 1231 684 virginitate
1254 622 1472 682 reponit?

173 690 284 744 Quo
305 690 448 737 vitam
469 690 604 737 dedit
624 692 878 736 aeternam?
906 706 992 736 cur
1016 688 1177 736 mortis
1193 688 1380 735 ademta
1401 699 1472 736 est

173 755 436 804 Conditio‘!
472 773 658 819 possem
681 765 838 802 tantos
864 755 996 802 finire
1022 756 1208 802 dolores
1379 763 1473 805 880

172 823 316 870 Nunc
335 824 481 879 certe,
503 835 548 870 et
567 824 736 870 misero
756 823 887 869 fratri
904 839 1063 870 comes
1083 823 1146 869 ire
1163 838 1248 884 per
1264 823 1471 880 umbras,

172 891 279 938 Jam
315 891 524 938 mortalis
558 907 661 954 ego.
736 890 875 937 haud
908 890 1168 952 quicquam
1194 889 1306 936 mihi
1330 889 1473 937 dulce

303 972 517 1003 meorum

172 1021 247 1067 Te
271 1022 389 1080 sine,
416 1023 576 1080 frater,
598 1023 700 1070 erit.
773 1024 816 1069 O
844 1038 951 1084 quae.
976 1022 1090 1069 satis
1113 1022 1208 1069 ima
1230 1023 1446 1071 dehiscat

172 1087 324 1135 Terra
350 1090 481 1146 mihi,
507 1106 765 1153 manesque
791 1089 1189 1136 Deam-demittat
1213 1089 1272 1136 ad
1296 1090 1440 1139 imos!

174 1153 387 1202 Tantum
413 1156 569 1213 effata,
594 1166 740 1219 caput
763 1157 934 1217 glauco
958 1156 1167 1203 contexit
1190 1157 1388 1214 amictu,

174 1221 333 1269 Multa
358 1239 566 1284 gemens,
592 1233 640 1270 et
663 1241 712 1270 se
739 1222 883 1269 fluvio
910 1223 1012 1269 Dea
1037 1222 1252 1270 condidit
1275 1224 1388 1271 alto.

240 1289 409 1336 AEneas
433 1291 579 1337 instat
601 1288 781 1345 contra,
808 1290 1051 1351 telumque
1077 1300 1297 1338 coruscat

175 1355 347 1418 Ingens
371 1356 642 1414 arboreum,
667 1367 712 1403 et
738 1372 864 1402 saevo
892 1356 958 1402 sic
985 1367 1179 1418 pectore
1202 1357 1358 1405 fatur:

176 1421 298 1476 Quae
318 1438 445 1469 nunc
462 1423 634 1471 deinde
650 1438 778 1470 mora
791 1425 890 1470 est?
917 1433 998 1470 aut
1019 1424 1266 1487 quidjam,
1293 1425 1474 1481 Turne,

309 1491 573 1537 retractas}
1383 1500 1478 1549 889

174 1554 285 1602 Non
307 1572 467 1612 cursu,
495 1557 630 1604 saevis
653 1556 925 1604 certandum
951 1566 1023 1604 est
1049 1570 1182 1604 corr·
1208 1576 1264 1605 us
1288 1558 1444 1606 armis.

175 1621 319 1669 Verte
338 1639 500 1670 omnes
521 1633 613 1671 tete
639 1624 685 1670 in
709 1623 885 1679 facies;
922 1633 970 1671 et
993 1629 1223 1673 contrahe
1249 1618 1503 1692 quicquid“
1561 1655 1573 1669 .

175 1688 285 1736 Sive
309 1689 494 1746 animis,
521 1691 620 1739 sive
643 1698 742 1737 arte
767 1690 924 1747 vales;
964 1700 1078 1754 opta
1102 1692 1250 1739 ardua
1273 1693 1445 1756 pennis

175 1756 318 1803 Astra
343 1757 496 1818 sequi,
521 1758 832 1819 clausumque
855 1757 975 1804 cava
1000 1767 1047 1805 te
1068 1758 1273 1805 condere
1299 1760 1438 1806 terra.

176 1821 277 1879 Ille,
304 1834 452 1885 caput
478 1840 704 1885 quassans
726 1840 737 1869 :
774 1824 886 1870 Non
907 1841 978 1870 me
998 1833 1079 1871 tua
1097 1824 1279 1872 fervida
1302 1833 1479 1872 terrent

176 1888 339 1946 Dicta,
367 1889 517 1944 ferox;
570 1891 633 1936 Di
660 1906 731 1936 me
756 1898 949 1947 terrent,
976 1900 1023 1937 et
1046 1892 1232 1954 Jupiter
1258 1892 1424 1939 hostis.
1504 1938 1508 1951 ,

241 1956 347 2003 Nec
371 1956 507 2018 plura
529 1957 719 2014 effatus,
757 1973 921 2003 saxum
947 1958 1277 2020 circumspicit
1298 1959 1478 2020 ingens,

176 2022 350 2070 Saxum
362 2023 628 2086 antiquum,
639 2025 818 2086 ingens,
831 2041 999 2086 campo
1011 2024 1138 2086 quod
1152 2025 1481 2086 fortejacebat

175 2088 332 2136 Limes
358 2105 472 2152 agro
496 2091 699 2152 positus,
724 2090 853 2137 litem
880 2099 932 2138 ut
957 2092 1250 2139 discerneret
1271 2093 1413 2140 arvis.

176 2157 269 2203 Vix
291 2156 408 2203 illud
435 2157 549 2204 lecti
575 2158 646 2204 bis
672 2174 756 2205 sex
780 2159 962 2205 cervice
987 2159 1217 2215 subirent,

178 2223 350 2277 Qualia
361 2240 487 2271 nunc
501 2224 740 2272 hominum
756 2226 980 2288 producit
992 2241 1195 2289 corpora
1209 2226 1362 2274 tellus.
1383 2233 1482 2283 900

180 2289 262 2337 Ille
285 2306 428 2337 manu
452 2300 643 2355 raptum
667 2291 855 2354 trepida
879 2294 1137 2355 torquebat
1161 2295 1206 2340 in
1233 2293 1441 2351 hostem3

179 2357 336 2404 Altior
359 2357 624 2422 insurgens,
650 2366 698 2405 et
722 2375 863 2406 cursu
889 2360 1285 2412 concitus‚heros.

180 2423 273 2470 Sed
300 2440 456 2486 neque
482 2435 747 2474 currentem
775 2443 841 2484 se,
867 2444 955 2475 nec
981 2429 1232 2490 cognoscit
1254 2434 1461 2483 euntem,

178 2490 449 2538 Pollentem
458 2509 511 2539 ve
528 2509 668 2540 manu
685 2509 947 2557 saxumque
964 2495 1166 2542 immane
1185 2503 1454 2541 moventem

181 2556 349 2606 Genua
377 2559 554 2617 labant,
580 2560 761 2624 gelidus
785 2563 1029 2610 concrevit
1053 2561 1225 2624 frigore
1251 2561 1459 2624 sanguis.

745 2630 833 2677 L3
