1607 2700
99 87 192 133 164
438 99 486 133 P.
529 98 765 134 VIRGILII
815 101 1065 136 MARoms

94 221 409 285 Sidoniasque
435 231 645 270 ostentat
670 240 805 298 opes,
828 224 1091 286 urbemque
1120 233 1356 287 paratam.

92 288 268 349 Incipit
293 289 440 346 effari,
467 289 756 352 mediaque
749 307 792 336 in
817 307 934 337 voce
960 291 1148 337 resistit.

92 354 236 400 Nunc
263 356 447 413 eadem,
476 357 664 402 libente
689 357 779 411 die,
807 356 1020 402 convivia
1048 357 1237 418 quaerit,

93 419 361 483 Iliacosque
385 423 554 469 iterum
581 422 777 468 demens
798 422 963 468 audire
986 422 1175 469 labores

95 486 340 548 Exposcit,
368 489 643 549 pendetque
669 489 834 533 iterum
860 489 1092 534 narrantis
1118 489 1179 535 ab
1206 504 1299 534 ore.

93 552 225 609 Post,
254 555 335 615 ubi
361 555 574 615 digressi,
601 555 855 615 lumenque
880 554 1086 600 obscura
1109 555 1315 601 vicissim
1344 561 1406 601 80

54 622 59 627 '
94 619 225 664 Luna
252 621 437 681 premit,
459 620 755 682 suadentque
777 620 992 666 cadentia
1010 619 1166 666 sidera
1187 638 1373 667 somnos
1393 640 1403 676 ;

93 685 205 730 Sola
230 685 371 732 domo
395 695 563 732 moeret
588 687 749 740 vacua,
773 686 1030 747 stratisque
1056 687 1232 734 relictis
1258 689 1403 748 [quet

93 750 324 797 Incubat:
376 753 506 798 illum
533 752 705 799 absens
731 753 976 798 absentem
1004 752 1234 814 auditque
1260 754 1407 800 videt·

93 820 191 863 Aut
215 818 393 880 gremio
412 819 688 874 Ascanium,
717 818 939 878 genitoris
965 818 1168 880 imagine
1198 829 1358 881 capta,

92 883 304 940 Detinet,
332 885 576 931 infandum
604 885 641 931 si
665 885 826 931 fallere
851 886 1006 946 possit
1029 900 1256 932 amorem.

92 951 205 997 Non
230 959 399 1012 coeptae
425 960 675 1014 assurgunt
701 960 869 1007 turres,
897 967 991 997 non
1025 967 1154 997 arma
1173 952 1406 1013 juventus

92 1017 312 1073 Exercet,
340 1026 565 1080 portusve
591 1028 672 1064 aut
696 1018 1061 1080 propugnacula
1081 1019 1206 1064 bello

90 1082 221 1130 Tuta
242 1093 434 1146 parant:
462 1083 672 1146 pendent
690 1100 834 1145 opera
859 1085 1137 1146 interrupta,
1165 1085 1406 1148 minaeque

90 1150 337 1196 Murorum
364 1151 593 1211 ingentes,
621 1159 908 1212 aequataque
930 1152 1148 1197 machina
1174 1154 1315 1200 coel0.

157 1217 313 1271 Quam
342 1217 476 1263 simul
503 1234 558 1264 ac
584 1217 667 1264 tali
691 1217 923 1278 persensit
948 1227 1082 1279 peste
1106 1219 1254 1265 teneri
1342 1226 1406 1273 90

89 1283 213 1330 Cara
236 1282 371 1331 Jovis
392 1283 589 1344 conjux,
615 1300 702 1329 nec
725 1283 899 1330 famam
926 1285 1119 1330 obstare
1160 1284 1336 1339 furori;

88 1348 289 1396 Talibus
314 1350 588 1412 aggreditur
612 1352 844 1396 Venerem
883 1351 1105 1396 Saturnia
1130 1351 1303 1398 dictis:

87 1415 335 1478 Egregiam
363 1417 476 1463 vero
503 1415 692 1464 laudem
718 1425 766 1462 et
791 1416 944 1478 spolia
967 1418 1125 1480 ampla
1151 1417 1349 1473 refertis,

87 1481 263 1544 Tuque
302 1498 518 1546 puerque
552 1494 690 1538 tuus;
729 1499 953 1546 magnum
1000 1491 1047 1530 et
1092 1485 1405 1532 memorabile

223 1566 413 1604 numen,

88 1614 195 1661 Una
220 1615 332 1662 dolo
359 1616 535 1662 Divum
564 1616 600 1661 si
623 1614 814 1662 foemina
842 1615 963 1662 victa
984 1615 1187 1661 duorum
1213 1626 1302 1664 est.

87 1681 192 1728 Nec
214 1698 287 1727 me
311 1681 430 1729 adeo
455 1682 590 1737 fallit,
617 1682 814 1728 veritam
842 1690 886 1727 te
913 1682 1084 1729 moenia
1111 1692 1291 1740 nostra,

89 1749 348 1810 Suspectus
374 1749 597 1795 babuisse
622 1748 790 1795 domos
816 1749 1121 1810 Carthaginis
1146 1749 1268 1795 altae.
1296 1753 1365 1813 [ta
1386 1754 1401 1798 3

87 1815 178 1861 Sed
197 1815 302 1878 quis
319 1816 405 1862 erit
424 1815 629 1861 modus?
664 1823 745 1861 aut
762 1814 858 1877 quo
877 1831 1003 1861 nunc
1022 1816 1279 1862 certamina
1303 1827 1403 1863 tan-

87 1881 214 1935 Quin
234 1882 392 1943 potius
414 1898 582 1944 pacem
599 1890 822 1928 aeternam
849 1890 1113 1944 pactosque
1131 1883 1399 1944 hymenaeos

86 1949 417 1995 Exercemus‘l
445 1949 610 2005 habes,
633 1949 732 1994 tota
760 1948 889 2010 quod
909 1958 1061 1995 mente
1081 1950 1244 2011 petisti
1267 1966 1277 1996 :
1311 1958 1400 1997 lOO

85 2014 240 2061 Ardet
263 2031 426 2062 amans
454 2015 600 2071 Did0‚
628 2015 868 2075 traxitque
895 2031 979 2076 per
1002 2031 1110 2061 ossa
1135 2015 1359 2063 furorem.

85 2080 402 2128 Communem
416 2083 540 2129 hunc
559 2082 670 2143 ergo
692 2082 940 2144 populum,
962 2082 1252 2145 paribusque
1272 2100 1399 2145 rega·

85 2148 360 2209 Auspiciis.
399 2148 537 2194 liceat
562 2149 716 2211 Phr)t>
692 2148 765 2194 oio
793 2164 965 2194 servire
993 2149 1177 2203 marito,
1275 2151 1397 2212 [mus

83 2213 380 2275 Dotalesque
408 2222 503 2260 tuae
528 2215 702 2277 Tyrios
727 2214 1001 2276 permittere
1027 2215 1223 2262 dextrae.

152 2281 249 2327 Olli
276 2280 442 2340 (sensit
465 2281 588 2326 enim
615 2281 836 2328 simulat-21
855 2289 1014 2328 mente
1038 2281 1264 2337 locutam,

84 2345 196 2401 Quo
222 2362 418 2407 regnum
446 2347 595 2393 Italiae
624 2347 830 2410 Libycas
855 2356 1084 2394 averteret
1110 2352 1242 2406 oras)

83 2412 164 2460 Sic
188 2410 357 2461 contra
376 2420 448 2459 est
472 2413 680 2475 ingressa
700 2415 890 2460 Venus:
929 2414 1048 2468 Quis
1074 2414 1186 2461 talia
1205 2416 1394 2462 demens

83 2480 296 2538 Abnuat,
323 2488 403 2527 aut
424 2488 577 2526 tecum
606 2479 735 2527 malit
761 2481 1046 2528 contendere
1073 2481 1241 2529 bello?
