1586 2704
132 81 224 120 358
454 89 498 119 P.
536 85 769 119 VIGRILII
816 82 1058 118 MARONIS

133 200 605 263 Quadrupedumque
644 210 831 265 putrem
875 219 1016 248 cursu
1062 204 1212 264 quatit
1253 204 1428 289 unguia

262 282 505 328 campum.

133 331 348 379 Volvitur
370 335 428 380 ad
459 350 611 380 muros
638 333 837 396 caligine
862 335 1077 381 turbidus
1106 335 1203 382 atra

133 398 321 450 Pulvis:
360 408 406 444 et
431 417 457 446 e
480 401 687 462 speculis
716 415 954 463 percussae
981 410 1171 460 pectora
1197 410 1364 448 matres

133 464 421 511 Foemineum
447 466 699 511 clamorem
728 466 785 511 ad
816 466 921 512 coeli
948 467 1100 514 sidera
1126 468 1310 514 tollunt.

134 530 228 584 Qui
256 547 397 576 cursu
424 540 583 592 portas
604 531 742 593 primi
770 531 976 592 irrupere
997 540 1230 594 patentes,

133 596 237 642 Hos
255 596 443 642 inimica
458 613 600 657 super
617 600 764 643 mixto
783 599 950 659 premit
965 599 1313 660 agmineturba;
1337 605 1431 647 880

132 662 238 709 Nec
251 664 461 708 miseram
480 663 950 736 efftigiuntmortem;
972 663 1053 710 sed
1070 661 1285 711 liminein
1307 666 1430 728 ipso,

135 729 409 774 Moenibus
400 744 445 776 m
467 729 644 790 patriis,
658 739 813 804 ‘atque
834 730 956 776 inter
980 739 1080 776 tuta
1106 730 1372 787 domorum,

137 792 325 840 confixi
351 803 571 855 expirant
595 796 790 843 animas.
859 797 973 842 Pars
996 794 1216 842 claudere
1235 805 1425 858 portas·
1414 833 1427 850 ,

133 859 239 907 Nec
261 861 402 906 sociis
427 860 611 923 aperire
636 862 776 920 viam,
802 878 890 909 nec
917 863 1151 908 moenibus
1177 863 1354 909 audent

134 926 369 986 Accipere
392 939 606 974 orantes:
643 899 886 990 oriturque
914 929 1167 975 miserrima
1203 928 1360 975 caedes

137 992 492 1039 Defendentum
513 996 653 1039 armis
679 994 851 1050 adituS,
882 994 1023 1056 inque
1042 1011 1170 1041 arma
1196 994 1432 1044 ruentum.

138 1057 349 1114 Exclusi,
377 1069 484 1105 ante
504 1061 667 1106 oculos
694 1060 1136 1123 lacrymantumque
1161 1076 1242 1107 ora
1265 1077 1433 1123 paren·-

139 1124 253 1170 Pars
276 1125 319 1170 in
348 1125 615 1202 praecipites
638 1125 801 1181 fossas,
832 1138 1026 1189 urgente
1051 1126 1202 1183 ruina,
1295 1129 1434 1190 [tum‚

138 1190 385 1246 Volvitur,
424 1191 641 1238 immissis
668 1208 775 1254 pars
802 1209 931 1238 caeca
966 1201 1010 1239 et
1044 1192 1238 1239 concita
1276 1192 1434 1240 fraenis

137 1256 355 1303 Arietat
346 1273 390 1303 in
418 1266 595 1318 portas,
622 1267 667 1304 et
687 1258 829 1304 duros
856 1258 1014 1319 objice
1041 1267 1218 1320 postes.
1342 1267 1436 1316 890

139 1324 266 1385 Ipsae
291 1324 348 1369 de
373 1324 512 1369 muris
540 1341 724 1370 summo
752 1325 1008 1371 certamine
1035 1333 1207 1371 matres

139 1391 577 1446 (Monstratamorv
582 1407 687 1436 erus
708 1392 906 1451 patriae),
923 1400 972 1437 ut
990 1390 1148 1437 videre
1167 1390 1436 1446 Camillam;

138 1455 259 1501 Tela
283 1473 422 1502 manu
451 1458 650 1518 trepidae
669 1455 874 1516 jaciunt,
899 1473 953 1503 ac
983 1458 1153 1504 robore
1181 1457 1317 1512 duro,

142 1522 393 1583 Stipitibus
422 1522 594 1569 ferrum
621 1524 916 1584 sudibusque
943 1523 1189 1570 imitantur
1212 1523 1395 1570 obustis

140 1588 439 1650 Praecipites,
466 1590 727 1651 primaeque
754 1590 868 1634 mori
895 1605 978 1649 pro
1002 1591 1231 1636 moenibus
1257 1591 1439 1637 ardent.

208 1656 396 1701 Interea
420 1655 674 1700 Turnum
664 1671 708 1700 in
735 1654 860 1700 silvis
889 1655 1170 1702 saevissimus
1195 1655 1361 1717 implet

143 1719 371 1778 NuntiuS,
392 1721 618 1782 etjuveni
639 1721 877 1781 ingentem
904 1720 992 1766 fert
1013 1725 1138 1768 Acca
1164 1722 1438 1770 tumultum:

144 1788 337 1833 Deletas
365 1787 645 1833 Volscorum
674 1759 817 1843 aoeies,
844 1787 1069 1833 cecidisse
1097 1787 1363 1845 Camillam,

142 1853 369 1914 Ingruere
390 1853 599 1900 infensos
627 1854 800 1909 hosteS,
826 1861 874 1899 et
899 1854 1053 1899 Marte
1079 1854 1290 1901 secundo
1349 1861 1443 1912 899

149 1920 323 1967 Omnia
347 1920 655 1982 corripuisse:
694 1928 870 1965 metum
890 1919 993 1979 jam
1019 1918 1077 1965 ad
1107 1920 1276 1967 moenia
1300 1919 1425 1966 ferri.

147 1987 231 2033 Ille
258 1986 412 2033 furens
436 1994 560 2044 (nam
589 2002 707 2032 saeva
729 1986 858 2034 Jovis
886 1985 951 2030 sic
979 1987 1169 2033 numina
1197 1989 1423 2047 poscunt)

148 2053 336 2099 Deserit
361 2054 582 2100 obsessos
610 2053 773 2108 colles,
799 2068 994 2099 nemora
1017 2068 1181 2113 aspera
1203 2053 1392 2113 linquit.

152 2118 237 2165 vix
262 2137 286 2165 e
311 2128 568 2183 conspectu
593 2119 784 2174 exierat,
811 2134 1128 2180 campumque
1154 2120 1364 2175 tenebat,

151 2184 272 2231 Cum
302 2195 434 2244 pater
463 2188 650 2242 AEneas,
668 2184 811 2231 saltus
839 2184 1076 2245 ingressus
1102 2194 1314 2246 apertos,

148 2251 512 2313 Exsuperatque
532 2253 725 2314 jugum,
749 2250 963 2312 silvaque
988 2250 1144 2297 evadit
1170 2251 1343 2311 opaca.

152 2317 232 2365 Sic
257 2318 396 2365 ambo
420 2318 479 2364 ad
509 2334 664 2364 muros
690 2317 842 2378 rapidi
867 2326 1063 2377 totoque
1083 2316 1300 2364 feruntur

153 2386 366 2445 Agmine,
393 2401 477 2431 nec
503 2383 656 2446 longis
681 2383 802 2431 inter
826 2400 873 2430 se
895 2383 1113 2446 passibus
1133 2384 1327 2430 absunt.
