1607 2700
488 100 747 138 AENExnos
789 102 899 137 Lm.
941 104 1040 138 v11.
1364 101 1447 137 223

137 226 273 272 Mille
290 222 491 272 nocendi
508 231 652 269 artes,
715 223 1009 270 Foecunduin
1033 233 1240 270 concute
1261 233 1449 287 pectus,

135 293 319 354 Disjice
345 290 662 351 compositam
688 305 876 351 pacem,
900 306 1000 336 sere
1021 290 1216 336 crimina
1242 292 1350 337 belli
1371 309 1382 338 ι

135 362 279 404 Arma
306 357 432 412 velit,
455 364 723 418 poscatque
747 356 900 412 simul,
930 356 1178 418 rapiatque
1198 357 1449 415 juventus,

200 425 318 470 Exin
343 423 613 484 Gorgoneis
639 423 828 470 Allecto
849 422 1027 470 infecta
1061 425 1254 469 venenis
1354 433 1444 473 341

134 490 372 553 Principio
396 489 581 535 Latium
601 498 649 536 et
674 490 923 536 Laurentis
948 497 1072 536 tecta
1098 490 1284 550 tyranni

132 557 271 604 Celsa
299 555 436 619 petit,
465 556 758 618 tacitumque
780 556 971 602 obsedit
996 556 1134 601 limen
1162 559 1380 604 Amatae:

131 623 286 677 Quam
316 638 457 684 super
477 621 689 669 adventu
714 623 978 678 Teucrum,
1005 622 1256 685 Turnique
1285 624 1450 685 hyme-

267 689 402 745 naeis,

130 755 388 802 Foemineae
414 754 661 802 ardentem
696 772 924 818 curaeqne
951 756 1129 817 iraeque
1155 756 1448 818 coquebant.

131 822 260 868 Huic
284 824 388 869 Dea
413 821 626 868 coeruleis
655 837 800 868 unum
827 825 886 868 de
911 823 1119 868 crinibus
1146 839 1350 883 anguem

129 888 355 949 Conjicit‚
378 889 519 950 inque
540 888 694 934 sinum
717 888 979 949 preecordia
995 889 1056 934 ad
1078 889 1244 934 intima
1258 889 1447 938 subdit:

132 957 243 1008 Quo
268 955 529 1001 furibunda
554 954 752 1001 domum
790 964 1003 1001 monstro
1038 955 1324 1017 permisceat
1349 972 1450 1002 oni-

127 1021 212 1067 Ille
236 1022 356 1067 inter
374 1030 529 1068 vestes
555 1030 602 1068 et
625 1021 745 1067 levia
768 1032 964 1083 pectora
990 1022 1149 1083 lapsus
1299 1023 1448 1084 [nem.

126 1088 347 1135 Volvitur
365 1096 548 1134 attactu
570 1087 715 1143 nullo,
737 1088 952 1150 fallitque
977 1087 1230 1145 furentem,
1354 1095 1450 1138 350

124 1153 381 1216 Vipeream
406 1154 642 1218 inspirans
663 1156 865 1201 animam
890 1174 901 1202 :
930 1154 986 1202 fit
1010 1156 1165 1202 tortile
1191 1156 1316 1202 collo

125 1222 309 1268 Aurum
333 1221 499 1282 ingens
525 1221 741 1279 coluber,
771 1221 825 1269 fit
851 1223 1007 1284 longae
1035 1223 1175 1269 taenia
1200 1223 1349 1278 vittae,

125 1287 425 1350 Innectitque
451 1305 627 1344 comas,
648 1300 698 1334 et
723 1289 944 1334 membris
969 1289 1182 1335 lubricus
1208 1299 1348 1336 errat.

124 1356 200 1400 Ac
226 1355 341 1400 dum
368 1354 520 1416 prima
544 1355 644 1400 lues
671 1354 767 1400 udo
793 1355 1017 1417 sublapsa
1043 1372 1227 1402 veneno

124 1420 369 1468 Pertentat
389 1437 571 1476 sensus,
598 1431 743 1483 atque
764 1423 948 1468 ossibus
975 1422 1191 1484 implicat
1209 1422 1365 1484 ignem
1389 1441 1400 1478 ;

124 1487 346 1534 Necdum
371 1488 552 1534 animus
578 1495 680 1534 toto
706 1490 925 1550 percepit
949 1499 1146 1551 pectore
1174 1489 1446 1545 flammatum

124 1551 339 1612 Mollins,
363 1562 409 1601 et
436 1554 574 1600 solito
594 1563 798 1600 matrum
825 1556 884 1601 de
911 1573 1057 1612 inore,
1084 1557 1245 1602 locuta
1267 1566 1354 1612 est,

121 1618 276 1667 Multa
296 1636 439 1682 super
462 1620 573 1667 nata
615 1616 900 1685 lacrymans,
922 1623 1240 1685 Phrygiisque
1283 1623 1447 1685 hyme-

121 1687 417 1734 Exulibusnc
430 1686 572 1734 datur
594 1687 816 1734 ducenda
834 1689 1025 1735 Lavinia
1043 1690 1264 1745 Tenem,
1280 1691 1444 1752 [naeist
1496 1693 1502 1697 ⁴

123 1753 167 1799 O
193 1755 409 1815 genitor!
444 1771 533 1801 uec
563 1762 608 1800 te
634 1754 828 1802 miseret
851 1763 1088 1817 nataeque,
1117 1756 1323 1817 tuique?
1351 1758 1448 1806 360

121 1820 226 1867 Nec
252 1822 419 1868 matris
444 1821 661 1878 miseret;
703 1838 847 1884 quam
869 1824 1023 1884 primo
1048 1823 1288 1890 Aquilone
1309 1826 1449 1871 relin-

260 1896 377 1950 quet

124 1952 354 2010 Perfidus,
382 1954 475 2000 alta
498 1962 682 2015 petenS,
709 1954 922 2000 abducta
948 1955 1142 2017 virgine,
1169 1957 1364 2018 prz’edo‘!

121 2021 188 2066 At
211 2036 306 2066 uon
332 2022 400 2066 sic
426 2021 658 2083 Phrygius
683 2020 1253 2082 penetratLacedaemona
1267 2034 1445 2086 pastor,

120 2085 444 2150 Ledaeamque
471 2088 698 2133 Helenam
725 2088 966 2147 Trojanas
993 2090 1119 2136 vexit
1135 2090 1192 2135 ad
1221 2092 1378 2136 urbes.

122 2152 250 2206 Quid
277 2163 358 2200 tua
381 2162 546 2200 sancta
565 2152 701 2211 fideS,
730 2155 847 2216 qnid
875 2172 991 2202 cura
1016 2159 1211 2218 antiqua
1237 2165 1442 2214 tuorum,

122 2219 186 2265 Et
210 2221 566 2282 consanguineo
591 2221 732 2267 toties
759 2222 872 2268 data
897 2224 1091 2270 dextera
1115 2224 1284 2269 Turno
1304 2225 1325 2270 ἵ

123 2286 172 2331 Si
197 2302 338 2346 gener
361 2288 554 2334 externa
577 2288 754 2349 petitur
778 2289 838 2336 dc
862 2299 1003 2350 gente
1032 2290 1229 2347 Latinis,

123 2353 277 2413 quue
302 2353 453 2410 sedet,
481 2354 727 2415 Faunique
745 2365 966 2417 premunt
985 2356 1061 2417 tcj
1073 2373 1175 2402 ussa
1197 2358 1409 2418 parentis·
1429 2378 1440 2414 ,·

123 2419 326 2465 Omnem
343 2419 565 2482 equidem
585 2422 784 2483 sceptris
797 2428 968 2469 terram
986 2440 1094 2486 quae
1113 2423 1262 2470 libera
1276 2427 1442 2470 nostris

125 2485 354 2542 Dissidet,
380 2494 621 2535 externam
646 2504 780 2546 reor3
809 2496 857 2537 ct
883 2490 951 2537 sic
980 2491 1134 2538 dicere
1155 2491 1322 2537 Divos.
1345 2498 1441 2545 350
