1607 2700
170 74 267 115 ³00
506 79 550 111 P.
591 78 836 112 vincitur
880 79 1142 112 MAnoMs
1480 99 1486 128 ἔ

168 192 342 240 Omnia
368 192 588 252 longaevo
613 193 792 249 similis,
819 210 1096 254 vocemque,
1122 193 1449 255 coloremque,

168 259 229 305 'Et
255 259 406 305 crines
432 258 586 315 albos,
612 268 660 305 et
685 276 812 305 saeva
836 261 1090 306 sonoribus
1115 275 1243 304 arma
1267 275 1278 311 ;
1374 256 1464 305 651

167 327 332 386 Atque
360 325 430 370 his
457 324 700 371 ardentem
730 326 868 370 dictis
891 325 1062 372 affatur
1091 326 1240 372 liilum
1266 339 1278 370 z

170 390 242 437 Sit
269 389 400 447 satis,
426 391 637 446 AEueida,
665 392 767 437 telis
794 391 986 451 impune
1012 392 1284 437 Numanum

170 455 443 517 Oppetiisse
470 457 589 503 tuis:
618 458 813 518 primam
839 457 1061 502 hauctibi
1081 472 1277 516 maguus
1298 455 1472 516 Apollo

169 522 403 568 Concedit
429 523 636 577 laudem,
664 531 712 568 et
738 522 932 583 paribus
958 538 1051 567 non
1077 522 1254 568 invidet
1279 522 1421 567 armis

171 588 341 634 Cetera
367 604 528 648 parce,
554 603 685 646 puer,
714 588 855 633 bello.
927 587 1006 634 Sic
1033 604 1167 633 orsus
1193 587 1389 649 Apollo,

169 654 400 700 Mortales
426 653 583 700 medio
608 664 833 715 aspectus
859 669 1070 699 sermone
1094 654 1301 714 reliquit,

169 718 229 764 Et
256 719 422 780 procul
449 720 492 764 in
521 728 708 765 tenuem
734 736 790 766 ex
816 720 966 766 oculis
989 720 1179 765 evanuit
1204 735 1384 766 auram.

167 788 418 845 Agnovere
447 787 597 831 Deum
625 790 844 846 proceres
868 785 1120 846 divinaque
1145 786 1240 830 tela

167 851 476 907 Dardanidae,
493 851 859 912 pharetramque
877 852 987 912 fuga
1003 867 1190 898 sensere
1202 860 1451 898 sonantem

165 916 290 978 Ergo
315 918 507 963 avidum
535 933 706 978 pugnae
725 917 867 964 dictis
893 933 947 963 ac
975 917 1162 964 numine
1185 917 1352 962 Phoebi
1375 915 1467 965 661

164 984 424 1028 Ascanium
454 985 746 1056 prohibent:
785 984 872 1046 ipsi
900 986 944 1029 in
973 983 1230 1030 certamina
1257 998 1416 1029 rursus

164 1049 458 1103 Succedunt,
486 1050 758 1111 animasque
781 1050 1012 1112 inaperta
1033 1049 1240 1111 pericula
1262 1050 1470 1096 mittunt.

165 1115 204 1160 li
232 1116 410 1160 clunor
436 1117 544 1161 totis
572 1131 655 1177 per
680 1116 1040 1179 propugnacula
1069 1115 1227 1161 muris.

166 1181 423 1227 intendunt
451 1197 582 1227 acres·
608 1197 766 1238 arcuS,
792 1193 1071 1243 amentaque
1098 1189 1338 1242 torquent.

162 1248 394 1292 Sternitur
419 1263 561 1293 omne
589 1248 740 1293 solum
770 1248 911 1295 telis:
952 1257 1048 1294 tum
1081 1255 1218 1294 scuta
1241 1262 1470 1308 cavaeque

164 1314 292 1359 Dant
317 1313 522 1358 sonitum
550 1312 680 1359 flictu
709 1314 878 1375 galeae,
902 1329 1064 1375 pugna.
1085 1328 1253 1374 aspera
1277 1314 1444 1373 surgit.

161 1380 382 1431 Quantus
409 1379 469 1424 ab
499 1396 671 1426 occasu
702 1380 889 1426 veniens
914 1379 1204 1442 pluvialibus
1227 1378 1392 1425 Haedis

163 1445 390 1491 Verberat
425 1446 574 1492 imber
608 1446 839 1493 humum:
879 1445 1021 1507 quam
1057 1443 1206 1491 inulta
1241 1443 1469 1506 grandine

292 1511 438 1557 nimbi

160 1577 213 1623 In
233 1576 355 1622 vada
374 1578 688 1638 praecipitant,
704 1577 813 1624 cum
834 1577 1024 1639 Jupiter
1043 1577 1263 1625 horridus
1286 1576 1470 1624 Austris

158 1644 380 1705 Torquet
405 1660 629 1703 aquosam
672 1645 906 1705 hyemem,
933 1654 976 1690 et
1004 1644 1127 1690 coelo
1152 1661 1271 1692 cava
1307 1643 1468 1690 nubila

290 1711 480 1770 rumpit.
1370 1707 1462 1763 671

225 1775 471 1822 Pandarus
497 1789 541 1822 et
571 1776 734 1832 Bitias,
764 1776 894 1821 ldaeo
921 1777 1155 1823 Alcanore
1183 1777 1319 1834 creti,

160 1843 296 1895 Quos
320 1843 451 1888 Jovis
477 1843 637 1889 eduxit
668 1845 778 1888 luco
805 1843 1028 1888 silvestris
1058 1844 1217 1899 Hiera,

160 1908 453 1955 Abietibus
433 1925 636 1969 juvenes
665 1910 825 1984 patriis
850 1918 897 1955 et
926 1909 1169 1955 montibus
1193 1924 1377 1971 aequos,

159 1974 372 2031 Portam,
394 1992 502 2036 quae
523 1975 690 2022 ducis
682 1976 880 2049 imperio
902 1976 1173 2031 commissa,
1195 1975 1466 2031 recludunt,

160 2040 284 2086 Freti
311 2042 470 2098 armis,
496 2042 713 2103 ultroque
739 2042 940 2087 invitant
967 2041 1200 2088 uioenibus
1228 2042 1432 2087 hostem.

160 2106 260 2166 Ipsi
285 2107 427 2164 intus,
453 2107 621 2153 dextra
646 2125 701 2153 ac
726 2107 865 2163 laeva,
891 2124 979 2170 pro
1007 2109 1214 2153 turribus
1239 2115 1410 2164 astant,

161 2175 344 2219 Armati
371 2174 511 2229 serre,
537 2183 582 2219 et
605 2175 761 2220 cristis
789 2175 945 2235 capita
973 2174 1064 2219 alta
1093 2174 1298 2219 corusci.

160 2238 338 2292 Quales
361 2240 500 2286 aeriae
527 2239 755 2300 liquentia
781 2239 976 2286 flumina
1000 2240 1199 2295 circum,

160 2304 270 2351 Sive
290 2304 407 2350 Padi
426 2306 557 2367 ripis,
575 2306 769 2353 Athesin
787 2322 868 2352 scu
889 2316 1080 2379 propter
1096 2323 1348 2363 arimenum,
1371 2305 1467 2354 680

161 2370 464 2432 Consurgunt
490 2371 688 2433 geminae
715 2389 937 2434 quercus,
962 2373 1238 2433 intonsaque
1264 2373 1386 2420 coelo

158 2436 403 2485 Attolluut
428 2437 604 2501 capita,
626 2447 670 2486 et
696 2439 887 2486 sublimi
914 2439 1087 2486 vertice
1116 2449 1301 2490 nutant.
