1586 2704
575 112 835 151 ffismnos
876 112 984 146 ΜΒ.
1014 114 1063 148 x.
1373 109 1465 149 331

163 219 367 274 Tenes?
391 227 492 273 haec
510 226 580 272 via
603 226 705 272 sola
722 226 829 283 suit,
848 228 941 287 qua
960 226 1150 287 perdere
1167 243 1347 288 posses.
1375 235 1468 284 879

164 293 269 339 Nec
297 302 489 339 mortem
518 293 780 349 horremus,
803 309 885 338 nec
910 293 1082 339 Divum
1110 294 1345 354 parcimus
1368 295 1467 341 ulli.

164 359 373 405 Desine:
403 359 508 418 jam
535 359 670 405 venio
698 361 966 415 moriturus,
991 367 1034 404 et
1062 360 1166 404 haec
1193 360 1279 405 tibi
1308 368 1444 420 porto

166 423 306 471 Dona
331 424 478 485 prius,
532 425 678 481 Dixit,
707 425 948 485 telumque
975 425 1162 470 intorsit
1188 425 1231 470 in
1256 428 1467 479 bostem:

166 491 283 536 Inde
308 491 434 536 aliud
465 507 610 552 super
635 503 775 552 alque
801 492 924 536 aliud
956 491 1171 552 figitque,
1200 493 1425 555 volatque

165 556 347 616 Ingenti
375 574 525 618 gyr0;
566 558 644 602 sed
675 556 871 603 sustinet
894 573 1063 603 aureus
1089 558 1247 604 umbo,

164 621 262 668 Ter
287 622 464 669 circum
493 632 722 669 astantem
749 623 895 670 laevos
922 624 1152 685 equitavit
1177 624 1221 668 in
1249 624 1402 681 orbes,

164 688 283 735 Tela
314 705 454 735 mauu
475 690 688 750 jaciens:
726 698 796 736 ter
822 707 979 735 secum
1006 691 1175 736 Troius
1202 690 1336 735 heros

164 754 427 802 Immanem
454 766 598 802 aerato
623 756 893 802 circumfert
919 756 1125 817 tegmine
1153 756 1339 802 silvam.

164 820 282 867 Inde
310 822 391 867 ubi
415 831 485 868 tot
512 822 701 868 traxisse
729 839 904 877 moras,
930 831 999 868 tot
1027 823 1207 884 spicula
1237 822 1383 868 taedet

163 887 373 941 Vellere;
401 898 446 934 et
466 897 657 948 urgetur
676 895 832 950 pugna
851 905 1134 947 congressus
1157 888 1343 949 iniqua;
1372 894 1466 945 889

166 954 322 999 Multa
341 970 530 1000 movens
548 954 827 1015 animo‚jam
839 955 1027 1000 tandem
1048 971 1175 1000 erum
1186 955 1270 1015 pit,
1285 964 1332 1001 et
1351 954 1467 1000 inter

167 1019 417 1066 Bellatoris
441 1020 548 1080 equi
573 1036 691 1066 cava
717 1029 932 1081 tempora
958 1019 1153 1080 conjicit
1182 1024 1379 1066 hastam.

163 1085 312 1131 Tollit
339 1103 386 1132 se
411 1093 650 1132 arrectum
677 1086 967 1147 quadrupes,
996 1094 1043 1132 et
1064 1087 1273 1132 calcibus
1300 1103 1437 1132 auras

165 1151 414 1208 Verberat,
440 1152 735 1213 effusumque
761 1154 967 1213 equitem
993 1168 1134 1213 super
1152 1153 1252 1212 ipse
1279 1163 1468 1200 secutus

164 1216 402 1280 Implicat‚
429 1218 685 1279 ejectoque
711 1219 941 1264 incumbit
964 1235 1165 1263 cernuus
1190 1234 1337 1264 armo,

164 1284 381 1331 Clamore.
407 1284 667 1331 incendunt
694 1286 866 1329 coelum
897 1286 1146 1346 Troesque
1171 1284 1448 1347 Latinique,

165 1350 374 1396 Advolat
401 1352 585 1405 AEneas,
613 1351 874 1412 vaginaque
900 1351 1036 1409 eripit
1059 1367 1238 1408 ensem,

164 1416 225 1462 Et
251 1431 391 1479 super
416 1418 546 1463 liaec:
591 1417 684 1462 Ubi
713 1433 836 1462 nuuc
863 1417 1123 1461 Mezentius
1150 1434 1274 1475 acer,
1299 1426 1343 1465 et
1374 1419 1448 1466 illa

166 1482 325 1529 Effera
351 1483 421 1528 vis
447 1482 623 1528 animi?
660 1482 839 1529 Contra
860 1484 1146 1542 Tyrrhenus,
1177 1492 1227 1529 ut
1248 1501 1387 1530 auras

165 1548 436 1609 Suspiciens
464 1549 617 1595 hausit
643 1549 832 1602 coelum,
865 1559 1166 1611 mentemque
1194 1552 1368 1612 recepit
1391 1567 1400 1596 :

165 1614 331 1661 Hostis
343 1631 514 1670 amare,
532 1614 647 1677 quid
669 1615 1243 1676 increpitas,mortemque
1258 1617 1471 1664 minaris?

163 1681 364 1729 Nullum
386 1680 432 1726 in
452 1681 582 1728 caede
604 1680 755 1737 nefas,
775 1697 858 1726 nec
880 1680 943 1725 sie
967 1688 1022 1729 ad
1044 1682 1203 1740 praelia
1226 1684 1347 1738 veni,
1373 1690 1458 1739 90]

163 1748 268 1795 Nec
295 1755 454 1794 tecum
480 1764 607 1794 meus
629 1749 731 1793 liaec
752 1747 932 1809 pepigit
946 1751 1057 1795 mihi
1079 1749 1250 1793 t'oedera
1270 1750 1462 1794 Lausus.

164 1814 326 1862 Unum
354 1815 462 1871 hoc,
487 1829 590 1875 per,
632 1814 670 1859 si
697 1830 790 1875 qua
814 1823 884 1858 est
916 1815 1045 1859 victis
1072 1818 1201 1858 venia
1238 1815 1471 1870 hostibus,

294 1896 406 1932 oro;

166 1947 353 2008 Corpus
380 1947 522 1992 humo
547 1945 720 2006 patiare
754 1945 862 2006 tegi.
937 1946 1050 1994 Scio
1072 1947 1241 1992 acerba
1262 1964 1469 1994 meorum

165 2013 486 2060 circumstare
508 2012 639 2057 odia:
682 2012 823 2070 hunc,
852 2027 954 2068 oro,
981 2013 1185 2058 defende
1212 2015 1428 2070 furorem,

165 2079 226 2125 Et
253 2095 323 2126 me
353 2089 620 2124 consortem
651 2082 747 2122 nati
792 2079 992 2125 concede
1016 2080 1249 2140 sepulcro,

166 2143 285 2192 Haec
327 2145 558 2206 loquitur,
594 2143 860 2207 juguloque
907 2145 1028 2190 baud
1083 2149 1250 2193 inscius
1296 2143 1472 2209 accipit

296 2225 473 2267 ensem,

169 2272 474 2340 Undantique
500 2274 700 2321 animam
729 2275 947 2322 diffundit
976 2276 1019 2322 in
1046 2291 1175 2325 arma
1199 2291 1384 2326 cruore.
