1607 2700
188 137 281 182 248
511 143 556 176 P.
597 143 847 177 VIRG1L11
872 143 1124 179 MAaoms

181 263 275 310 Sed
297 271 341 310 te
365 265 492 311 victa
515 262 623 321 situ,
651 265 845 327 verique
871 265 1033 311 effoeta
1058 272 1291 318 senectuS,
1385 271 1482 310 440

180 330 224 375 O
250 337 417 386 mater,
443 331 569 378 curis
594 329 913 393 nequicquam
938 338 1153 385 exercet;
1194 338 1242 375 et
1265 345 1395 376 arma

180 395 361 458 Regum
386 397 522 453 inter,
548 396 668 443 falsa
691 406 845 443 vatem
871 397 1122 443 formidine
1147 396 1284 443 ludit.

180 462 308 509 Cura
333 463 437 518 tibi,
465 463 641 510 Divfim
668 462 843 523 effigies
871 470 920 509 et
944 464 1120 524 templa
1145 463 1283 509 tueri:

180 529 310 575 Bella
334 530 420 576 viri
446 545 711 591 pacemque
737 538 915 588 gerent,
934 528 1069 589 *quis
1088 530 1212 575 bella
1233 526 1484 590 gerendas⁴

242 595 441 642 Talibus
469 595 655 642 Allecto
681 594 821 640 dietis
845 595 1020 641 exarsit
1043 596 1088 640 iu
1115 595 1222 642 ira-s.

179 664 246 707 At
262 661 429 721 juveni,
444 661 599 707 oranti
619 661 803 706 subitus
830 670 1004 707 tremor
1027 670 1239 722 occupat
1258 670 1404 717 artuS‚

178 727 426 789 Diriguere
451 727 606 781 oeuli;
646 736 717 772 tot
744 727 946 788 Erinnys
971 728 1131 774 sibilat
1157 728 1331 789 hydris,

177 795 431 856 Tantaque
456 810 503 840 se
523 793 670 840 facies
684 794 850 854 aperit.
877 794 1005 839 Tum
1021 793 1239 840 flammea
1257 805 1485 854 torquens

180 860 394 916 Lumina,
423 866 728 907 cunctantem
754 868 802 906 et
827 868 1115 920 quaerentem
1144 860 1304 906 dicere
1328 860 1467 921 plura

178 926 389 988 Repulit,
415 936 464 973 et
487 926 697 988 geminos
723 929 872 973 erexit
896 927 1103 974 crinibus
1126 943 1320 989 angues,
1391 931 1488 973 450

178 994 484 1056 Verberaque
508 993 732 1049 insonuit,
761 992 1029 1056 rabidoque
1048 995 1149 1040 haec
1171 993 1357 1039 addidit
1381 1009 1485 1038 ore:

177 1060 250 1106 En
275 1077 362 1123 ego
389 1061 515 1108 victa
534 1060 644 1115 situ,
672 1076 815 1122 quam
835 1061 929 1106 veri
953 1062 1114 1107 effoeta
1138 1068 1357 1105 senectus

177 1130 323 1174 Arma
348 1129 469 1175 inter
490 1144 656 1188 regum
681 1126 798 1173 falsa
818 1126 1070 1173 formidine
1092 1125 1246 1182 ludit;

171 1204 198 1222 ·
213 1193 379 1256 espice
393 1195 451 1241 ad
469 1196 575 1242 haec
598 1193 794 1245 :adsum
813 1193 1019 1240 dirarum
1037 1195 1098 1241 ab
1116 1193 1226 1239 sede
1243 1206 1486 1244 sororum;

167 1258 300 1304 Bella
326 1274 486 1315 manu,
513 1262 757 1319 letumque
782 1275 912 1320 gero.
1118 1297 1137 1321 ς

233 1325 315 1371 Sic
340 1325 498 1381 effata,
527 1324 685 1371 facem
703 1325 871 1386 juveni
896 1325 1124 1386 conjecit,
1152 1333 1198 1371 et
1224 1330 1329 1368 atro

167 1392 368 1439 Lumine
394 1392 632 1438 fumantes
654 1390 759 1438 fixit
779 1392 867 1437 sub
893 1402 1088 1454 pectore
1113 1391 1278 1438 taedas.

167 1458 264 1505 Olli
285 1475 502 1505 somnum
528 1458 691 1520 ingens
709 1458 840 1519 rupit
858 1474 1030 1519 pavum
1059 1473 1266 1519 ossaque
1287 1464 1335 1502 et
1351 1463 1476 1501 artus

166 1524 382 1572 Perfudit
405 1533 509 1572 toto
535 1533 797 1587 proruptus
822 1541 1022 1585 corpore
1049 1525 1209 1571 sudor.
1381 1527 1479 1576 459

167 1595 316 1638 Arma
335 1608 496 1639 amens
520 1592 695 1647 fremit,
722 1607 854 1637 arma
874 1600 980 1637 toro
1005 1592 1240 1654 tectisque
1265 1587 1477 1650 requirit.

167 1658 312 1704 Saevit
331 1675 463 1704 amor
482 1657 608 1713 ferri,
636 1666 684 1703 et
710 1657 938 1703 scelerata
963 1658 1149 1704 insania
1171 1655 1298 1710 belli,

165 1723 242 1770 Ira
268 1726 428 1786 super.
501 1726 682 1785 Magno
709 1723 851 1770 veluti
875 1724 988 1770 cum
1015 1724 1203 1770 flamma
1229 1737 1398 1769 sonore

165 1791 339 1853 Virgea
366 1791 635 1854 suggeritur
659 1791 804 1836 costis
831 1791 1054 1837 undantis
1078 1792 1230 1846 aheni,

166 1857 495 1920 Exultantque
520 1866 640 1904 aestu
665 1856 860 1911 latice53
899 1857 1010 1904 furit
1034 1858 1160 1904 intus
1185 1863 1344 1920 aquai,

166 1924 397 1970 Fumidus
423 1933 568 1986 atque
593 1924 687 1970 alte
714 1924 893 1985 spumis
913 1925 1143 1970 exuberat
1168 1925 1344 1978 amnis;

167 1990 273 2036 Nec
292 1991 397 2050 jam
416 2008 463 2037 se
485 1991 615 2053 capit
640 1990 765 2036 unda
780 2008 791 2045 ;
808 1991 937 2037 volat
953 2008 1104 2053 vapor
1119 1999 1219 2037 ater
1237 1990 1298 2037 ad
1321 2007 1476 2037 auras.

168 2057 294 2117 Ergb
319 2057 407 2104 iter
431 2057 488 2104 ad
518 2074 694 2119 regem,
717 2057 902 2118 polluta
927 2074 1062 2119 pace,
1090 2058 1312 2104 Latinum

169 2122 346 2170 Indicit
369 2124 532 2186 primis
551 2124 805 2185 juvenum,
833 2123 1042 2185 etjubet
1066 2141 1195 2170 arma
1216 2124 1390 2186 parari,

168 2189 337 2235 Tutari
363 2191 567 2246 ltaliam,
595 2189 850 2237 detrudere
875 2189 1048 2237 finibus
1075 2192 1289 2236 hostem:
1382 2187 1478 2246 469

170 2256 231 2302 Se
257 2253 373 2302 satis
400 2258 635 2303 ambobus
660 2257 961 2319 Teucrisque
987 2258 1139 2303 venire
1165 2258 1455 2319 Latinisque.

170 2321 288 2368 Haec
309 2323 391 2368 ubi
415 2323 545 2369 dicta
571 2323 719 2378 dedit,
748 2323 997 2386 Divosque
1016 2325 1061 2370 in
1087 2334 1202 2370 vota
1227 2325 1430 2380 vocavit,

171 2389 401 2436 Certatim
427 2406 530 2435 sese
555 2390 721 2436 Rutuli
746 2390 1055 2437 exhortantur
1079 2391 1126 2437 in
1152 2407 1298 2437 arma.
1370 2393 1452 2453 [tae
1523 2449 1526 2455 ι

170 2455 315 2501 Hunc
341 2455 490 2502 decus
504 2455 739 2518 egregium
755 2455 919 2503 formae
947 2465 1120 2514 movet,
1148 2457 1457 2520 atquejuveu

170 2522 309 2570 Hunc
336 2522 459 2569 atavi
481 2539 628 2585 reges,
652 2523 778 2570 hunc
805 2524 941 2571 claris
962 2524 1155 2572 dextera
1177 2525 1334 2572 factis.
