1607 2700
137 65 229 114 160
501 80 548 112 P.
574 79 1105 114 v1R01L11MARoN1s

131 199 447 261 Solamenque
474 199 581 246 mali
606 200 684 258 (de
710 199 835 245 collo
855 197 1014 245 fistula
1039 201 1252 261 pendet).

129 266 389 327 Postquam
417 266 535 313 altos
554 267 706 329 tetigit
724 265 919 321 fluctus,
940 274 987 312 et
1007 266 1064 313 ad
1084 283 1278 330 aequora
1298 269 1454 326 venit·

129 333 341 378 Luminis
365 332 523 379 effossi
547 332 744 380 fluidum
770 332 883 379 lavit
907 331 1014 378 inde
1035 350 1269 392 ciuorem,
1310 336 1457 400 [quor

126 398 365 446 Dentibus
390 389 661 446 infrendens
688 399 895 461 gemitu:
934 399 1244 461 graditurque
1281 417 1367 464 per
1391 419 1455 449 ae-

124 466 232 513 Jam
257 466 480 522 medium,
509 466 714 512 necdum
742 464 916 512 fluctus
942 465 1090 512 latera
1113 467 1258 513 ardua
1285 468 1441 516 tinxit.

124 533 227 579 Nos
252 533 419 594 procul
448 533 556 578 inde
594 532 756 595 fugam
795 531 970 594 trepidi
997 533 1219 588 celerare,
1258 546 1454 598 recepto

124 599 365 662 Supplice,
395 599 462 645 sic
486 599 670 653 merito,
699 599 928 660 tacitique
948 598 1160 646 incidere
1187 600 1348 647 funem
1371 620 1383 656 ;

122 666 366 713 Verrimus
391 674 440 712 et
464 666 602 727 proni
625 664 920 711 certantibus
946 680 1139 725 aequora
1163 667 1318 714 remis.

122 732 296 788 Sensit,
320 740 368 779 et
391 731 454 778 ad
477 732 687 778 sonitum
717 732 846 777 vocis
873 730 1070 792 vestigia
1095 733 1245 778 torsit.

121 799 298 846 Veri1m
327 797 408 845 nbi
433 799 562 845 nulla
586 798 731 845 datur
753 798 921 845 dextra
957 797 1184 844 affectare
1220 807 1452 860 potestas,

120 865 225 911 Nec
251 865 377 928 potis
403 865 565 912 Ionios
591 864 770 912 fluctus
795 880 987 927 aequare
1014 866 1262 927 sequendo
1284 882 1296 919 ;
1355 865 1447 922 671

121 932 390 979 Clamorem
415 931 694 978 immensum
715 931 852 987 tollit,
881 947 978 993 quo
1018 939 1193 992 pontus
1218 940 1265 978 et
1291 949 1455 979 omnes

119 999 411 1046 Intremuere
438 999 596 1053 undae,
622 999 910 1060 penitusque
931 998 1156 1044 exterrita
1182 999 1322 1045 tellus

120 1065 284 1121 Italiae,
313 1064 568 1128 curvisque
589 1066 824 1126 immugiit
850 1065 991 1111 AEtna
1016 1065 1249 1112 cavernis.

117 1132 185 1178 At
208 1149 358 1193 genus
382 1148 408 1178 e
433 1132 561 1178 silvis
588 1131 854 1194 Cyclopum
880 1140 926 1176 et
945 1131 1187 1178 montibus
1213 1132 1319 1178 altis

119 1198 341 1245 Excitum
366 1199 461 1245 ruit
484 1199 543 1246 ad
570 1206 756 1260 portus,
780 1207 827 1244 et
854 1198 1011 1244 littora
1037 1199 1268 1259 complet.

118 1265 369 1311 Cernimus
396 1274 607 1312 astantes
627 1265 951 1327 nequicquam
977 1264 1154 1310 lumine
1181 1273 1318 1311 torvo

116 1332 326 1378 AEtnaeos
351 1331 535 1388 fratres,
562 1332 683 1378 coelo
710 1330 869 1393 capita
889 1332 985 1376 alta
1010 1330 1228 1386 ferentes,

117 1398 388 1444 Concilium
415 1399 732 1445 horrendum:
771 1398 936 1459 quales
978 1397 1088 1444 cum
1115 1399 1296 1445 vertice
1322 1398 1453 1444 celso

118 1465 275 1511 Aetiae
295 1482 500 1527 quercus
524 1474 607 1512 aut
627 1464 853 1511 coniferae
880 1464 1106 1528 cyparissi
1354 1465 1452 1513 680

117 1532 462 1588 Constiterunt,
491 1532 608 1578 silva
631 1531 727 1577 alta
750 1531 897 1586 Jovis‚
925 1531 1122 1577 lucusve
1147 1530 1333 1577 Dianae.

117 1597 398 1659 Praecipites
428 1609 578 1644 metus
605 1614 715 1644 acer
738 1595 837 1658 agit
856 1613 1149 1659 quocunque
1174 1598 1402 1644 rudentes

118 1665 367 1721 Excutere,
395 1674 443 1711 et
464 1665 611 1711 ventis
638 1663 881 1709 intendere
909 1664 1009 1709 vela
1035 1664 1268 1710 secundis.

117 1729 338 1786 ἥὋοηῐῐᾋ,
378 1730 517 1791 jussa
564 1738 756 1777 monent
803 1730 993 1788 Heleni,
1042 1730 1250 1794 SCJllam
1301 1740 1449 1792 atque

253 1798 551 1861 Charybdim

117 1863 275 1911 *Inter
301 1873 548 1927 utramque
570 1863 713 1919 viam,
741 1863 821 1909 leti
848 1862 1123 1909 discrimine
1144 1878 1312 1926 parvo,

116 1930 208 1977 *Ni
234 1939 428 1979 teneant
453 1947 619 1977 cursus
641 1946 651 1976 :
691 1937 873 1976 certum
898 1938 969 1976 est
994 1929 1108 1976 dare
1134 1929 1277 1976 lintea
1303 1938 1445 1978 retro·

117 1999 247 2045 Ecce
272 2009 431 2045 autem
459 2000 635 2044 Boreas
655 1997 854 2059 angust-51
880 2013 907 2042 a
930 1996 1038 2042 sede
1068 1996 1215 2042 Pelori

118 2065 294 2111 Missus
321 2066 489 2112 adest:
528 2064 637 2110 vivo
663 2064 983 2125 praetervehor
1017 2062 1137 2108 ostia
1173 2078 1284 2109 saxo
1312 2062 1445 2123 [tem.

117 2132 377 2194 Pantagiae,
403 2133 724 2192 Megarosque
750 2131 898 2184 sinus,
924 2128 1447 2190 Tliapsumquejacen-

115 2198 257 2244 Talia
277 2199 574 2244 monstrabat
599 2199 812 2258 relegens
837 2205 991 2242 errata
1018 2205 1275 2241 retrorsum
1348 2197 1446 2251 090

120 2265 304 2311 Littora
331 2264 694 2319 Achemenstles,
714 2280 876 2310 comes
902 2262 1104 2309 infilicis
1130 2262 1278 2308 Ulixi.

184 2332 377 2377 Sicanio
403 2340 633 2394 praetenta
661 2330 910 2392 sinujacet
935 2329 1085 2374 insula
1111 2338 1282 2375 contra

116 2398 455 2460 Plemmyrium
485 2397 750 2443 undosum:
790 2412 961 2442 nomen
988 2396 1150 2442 dixere
1178 2396 1357 2459 priores

118 2465 383 2528 Ortygiam.
424 2465 666 2526 Alpheum
694 2464 816 2510 sama
841 2473 913 2509 est
939 2464 1048 2519 linc,
1073 2462 1219 2509 Elidis
1237 2478 1444 2518 amnem,
