1586 2704
145 95 241 137 330
474 104 518 137 P.
558 107 790 141 vmfflmr
830 109 1072 141 MAinrs

145 215 222 262 Ad
248 213 413 262 coelum
442 215 596 262 tendit
621 215 821 276 palmas,
849 223 893 260 et
917 232 1116 277 corpore
1141 215 1362 264 inhaeret:

143 282 361 328 Tantane
385 297 456 326 me
482 283 632 327 tenuit
660 282 862 336 vivendi,
889 290 1016 336 nate,
1045 282 1297 344 voluptas;

145 348 212 393 Ut
236 363 323 409 pro
352 364 423 392 me
452 347 611 393 hostili
637 355 824 409 paterer
850 348 1108 396 succedere
1135 348 1314 394 dextrae

144 415 297 467 Quem
317 413 485 474 genui?
503 423 644 459 tuane
658 414 759 458 haec
773 413 956 474 genitor
971 414 1255 473 pervulnera
1268 430 1445 469 servor,

144 481 301 525 Morte
321 480 401 525 tufi
425 480 618 525 vivens?
641 479 755 524 hen!
785 494 910 523 nunc
933 481 1098 525 misero
1122 480 1234 525 mihi
1253 480 1444 526 demum

142 545 345 591 Exilium
375 545 555 601 infelix,
582 560 706 588 nunc
728 543 819 589 alte
843 542 1011 589 vulnus
1036 545 1289 591 adactum!
1353 551 1446 593 850

147 610 278 659 [dem
305 628 408 671 ego,
431 619 555 665 nate,
581 620 711 655 tuum
740 610 970 654 maculavi
997 610 1186 656 crimine
1212 628 1401 668 nomen,

142 677 316 723 Pulsus
342 677 404 722 ob
429 676 648 721 invidiam
678 675 795 721 solio
823 675 1120 736 sceptrisque
1147 677 1366 736 paternis.

142 743 410 788 Debueram
439 743 606 803 patriae
630 757 810 802 poenas,
834 741 1047 802 odiisque
1076 758 1320 788 meorum:

142 809 324 854 Omnes
341 824 421 868 per
441 819 611 854 mortes
631 807 836 852 animam
863 816 1042 852 sontem
1071 809 1166 868 ipse
1192 807 1443 853 dedissem.

143 875 280 921 Nunc
308 874 430 929 vivo,
458 890 609 936 neque
626 873 782 919 adhuc
801 874 1013 920 homines
1035 873 1286 935 lucemque
1310 873 1447 920 relin-

272 955 395 1002 quo:
1186 961 1189 963 Α

140 1006 235 1054 Sed
256 1007 482 1069 linquam.
522 1006 669 1052 Simul
691 1006 790 1051 haec
812 1005 990 1061 dicens,
1014 1006 1187 1052 attollit
1203 1006 1247 1051 in
1269 1022 1444 1068 aegruin

141 1075 202 1119 Se
229 1073 414 1128 femur;
453 1083 517 1129 et,
544 1088 817 1134 quanquam
847 1072 915 1117 vis
937 1073 1030 1118 alto
1059 1073 1247 1118 vulnere
1274 1074 1430 1119 tardat

138 1139 284 1185 Haud
309 1139 528 1199 dejectus
548 1155 722 1199 equum
743 1138 855 1183 duci
871 1138 1032 1199 jubet.
1064 1136 1176 1184 'Hoc
1196 1139 1344 1184 decus
1365 1139 1427 1184 illi

140 1205 242 1251 Hoc
268 1205 476 1251 solamen
505 1214 636 1258 erat3
678 1204 812 1249 bellis
831 1206 921 1250 hoc
945 1205 1098 1251 victor
1119 1205 1284 1251 abibat
1351 1207 1443 1261 859

138 1270 392 1317 Omnibus.
433 1271 704 1332 Alloquitur
730 1279 1023 1327 moerentem,
1046 1279 1090 1315 et
1112 1271 1284 1317 talibus
1303 1269 1438 1317 infit:

139 1337 343 1393 Rhoebe,
367 1337 447 1384 diu
474 1343 564 1397 (res
590 1337 625 1382 si
652 1352 746 1398 qua
773 1335 853 1381 diu
879 1336 1159 1382 mortalibus
1189 1337 1280 1382 ulla
1306 1340 1397 1390 est)

141 1403 369 1449 Viximus.
442 1401 538 1451 Aut
564 1403 701 1449 bodie
728 1402 880 1448 victor
905 1403 1053 1463 spolia
1079 1403 1155 1449 illa
1182 1412 1392 1460 cruenta,

137 1469 199 1516 Et
223 1478 369 1532 caput
395 1473 550 1517 AEueae
575 1469 763 1525 refereS‚
791 1470 1024 1530 Lausique
1050 1469 1269 1516 dolorum

137 1536 276 1582 Ultor
301 1536 389 1582 eris
416 1550 634 1588 mecum;
688 1544 786 1589 aut,
814 1537 971 1596 aperit
995 1535 1031 1580 si
1052 1536 1177 1581 nulla
1211 1536 1327 1580 viam
1358 1536 1444 1589 vis,

136 1601 415 1648 Occumbes
437 1604 620 1664 pariter.
648 1602 820 1661 Neque
847 1601 988 1656 enim,
1010 1601 1279 1656 fortissime,
1298 1603 1444 1648 credo

136 1668 276 1714 Jussa
301 1669 452 1715 aliena
480 1669 578 1729 pati
602 1676 648 1713 et
673 1667 888 1712 dominos
914 1667 1169 1728 dignabere
1190 1668 1422 1715 Teucros.

138 1734 295 1787 Dixin
333 1743 381 1781 et
404 1744 634 1796 exceptus
661 1741 793 1792 tergo
819 1742 1047 1779 consueta
1074 1733 1248 1780 locavit

136 1801 373 1856 Membra,
397 1816 654 1862 manusque
669 1798 1018 1858 ambasjaculis
1037 1799 1248 1846 oneravit
1265 1801 1441 1851 acutis:

136 1866 243 1913 AEre
269 1877 413 1929 caput
435 1867 634 1927 fulgens,
656 1865 892 1926 cristeque
915 1866 1118 1912 hirsutus
1138 1866 1327 1927 equina.
1351 1864 1443 1923 869

138 1933 218 1978 Sic
238 1950 429 1980 cursum
445 1933 489 1978 in
515 1932 693 1979 medios
711 1932 903 1992 rapidus
921 1932 1069 1978 dedit.
1088 1933 1265 1978 AEstuat
1282 1934 1443 1995 ingens

138 1999 246 2044 Uno
271 2000 317 2045 in
344 2001 486 2046 corde
510 2000 685 2061 pudor,
715 1999 961 2059 mixtoque
988 1998 1162 2044 insania
1187 1999 1337 2055 luctu,

136 2063 224 2111 *Et
251 2065 383 2111 furiis
409 2066 613 2126 agitatus
639 2080 785 2120 amor,
813 2075 858 2109 et
886 2066 1080 2111 conscia
1103 2065 1295 2110 virtusf‘

203 2134 362 2192 Atque
387 2132 463 2179 liic.
489 2134 681 2179 AEueam
711 2130 880 2189 magnai
909 2138 979 2177 ter
1003 2147 1120 2176 voce
1147 2131 1356 2177 vocavit.

136 2199 307 2245 AEneas
333 2199 528 2259 agnovit
552 2214 677 2253 eum,
706 2198 940 2258 laetusque
969 2204 1212 2258 precatur:

138 2264 218 2311 Sic
241 2272 373 2325 pater
399 2265 476 2310 ille
505 2264 660 2310 Deum
689 2263 850 2319 faciat,
879 2264 942 2309 sic
968 2263 1091 2309 altus
1118 2262 1312 2324 Apollo,

138 2328 347 2391 Incipias
374 2329 591 2376 conferre
619 2345 828 2376 manum.

135 2395 347 2442 Tantum
366 2396 558 2450 effatus,
586 2403 634 2442 et
659 2395 830 2442 infesta
859 2395 986 2442 subit
1012 2395 1180 2442 obvius
1208 2395 1356 2442 liastfi.

140 2461 222 2507 Ille
249 2470 439 2509 autem:
478 2462 604 2516 Quid
634 2478 705 2508 me
731 2471 914 2524 erepto,
938 2462 1209 2519 saevissime,
1236 2473 1345 2508 nato
