1607 2700
541 91 800 124 AENEIDOS
845 92 953 128 [ΑΒ.
995 91 1075 127 IX·
1352 94 1439 135 301

149 203 437 268 irrumpunt,
459 205 615 251 aditus
642 207 807 253 Rutuli
835 215 884 253 ut
909 206 1066 252 videre
1092 211 1328 268 patentes,

150 273 389 319 Continuo
414 273 678 327 Quercens,
705 281 751 319 et
779 273 975 334 pulcher
999 272 1268 333 Aquicolus
1293 270 1454 324 armis,

150 339 205 382 Et
227 354 440 399 praeceps
459 337 599 383 animi
617 339 838 396 Tmarus,
861 347 906 385 et
929 338 1194 384 Mavortius
1217 337 1439 391 Haemon,

149 404 432 463 Agminibus
459 404 570 449 totis
597 413 678 450 aut
706 405 824 450 versi
853 414 981 463 terga
1006 402 1199 457 dedere,

150 473 243 515 Aut
272 470 375 530 ipso
400 479 551 530 portae
578 486 778 531 posuere
806 473 849 516 in
875 469 1034 516 limine
1058 470 1220 514 vitam.

147 535 273 580 Tum
303 535 448 597 magis
475 534 746 583 increscunt
771 536 939 584 animis
965 534 1265 581 discordibus
1291 533 1404 587 irae·,

149 602 205 645 Et
225 601 326 660 jam
355 601 544 647 collecti
568 602 717 648 Troas
742 604 1061 664 glomerantur
1085 599 1273 656 eodem,

148 667 207 711 Et
233 666 448 715 conferre
468 683 657 713 manum
677 676 724 714 et
746 652 1023 730 pr‘ocurrere
1049 664 1234 726 longius
1259 664 1453 711 audent.

214 733 416 780 Ductori
439 734 605 779 Turno
631 734 815 781 diversa
842 734 887 780 in
915 740 1046 795 parte
1071 731 1266 788 furenti,
1358 729 1448 787 691

146 798 482 862 Turbantique
507 800 647 854 viros,
671 801 908 861 perfertur
933 798 1143 854 nuntiuS‚
1170 800 1354 844 hostem

149 865 344 912 Ferverc
370 866 504 912 caede
528 866 670 922 nova,
697 876 740 912 et
768 875 929 930 portas
953 865 1168 928 praebere
1194 871 1433 926 patentes.

148 931 333 978 Deserit
357 932 626 994 inceptum,
653 941 797 993 atque
823 931 1014 978 immani
1041 930 1258 976 concitus
1287 930 1355 975 ira

148 997 553 1044 Dardaniam'ruit
578 998 636 1044 ad
665 1007 868 1059 portam,
894 997 1158 1058 fratresque
1185 996 1430 1058 superbos.

147 1064 208 1108 Et
235 1063 434 1124 primum
458 1065 771 1125 Antiphaten,
791 1065 826 1110 is
845 1065 966 1110 enim
996 1080 1044 1109 se
1060 1062 1239 1125 primus
1259 1061 1453 1124 agebat,

145 1130 379 1175 Thebana
404 1130 464 1176 de
487 1140 637 1177 matre
665 1132 861 1177 nothum
891 1129 1183 1192 Sarpedonis
1207 1128 1308 1184 alti,

147 1195 382 1256 Con-jecto
407 1198 575 1243 sternit
594 1198 760 1258 jaculo
783 1214 795 1251 ;
834 1196 965 1242 volat
993 1196 1110 1242 Itala
1138 1211 1308 1240 cornus

146 1265 266 1308 Aera
294 1279 381 1324 per
407 1271 612 1317 tenuem,
640 1264 986 1324 stomachoque
1017 1261 1160 1308 infixa
1188 1261 1276 1306 sub
1302 1259 1448 1306 altum

148 1327 318 1374 Pectus
334 1329 463 1376 abit:
482 1329 917 1390 redditspecusatri
934 1328 1138 1374 vulneris
1156 1326 1329 1373 undam
1354 1332 1452 1380 700

145 1395 474 1455 Spumantem,
499 1404 544 1442 et
572 1395 667 1442 fixo
693 1395 865 1441 ferrum
894 1395 936 1440 in
963 1395 1185 1456 pulmone
1211 1392 1432 1455 tepescit.

143 1461 267 1506 Tum
288 1462 535 1523 Meropem
551 1469 695 1525 atque
718 1463 976 1524 Erymanta
996 1476 1152 1516 manu,
1169 1467 1266 1506 tuin
1284 1458 1450 1504 sternit

280 1527 550 1589 Aphidnum
575 1544 587 1582 ;

143 1594 268 1639 Τωη
285 1593 434 1639 Bitian
446 1593 689 1639 ardentem
705 1593 853 1639 oculis
869 1592 1130 1655 animisque
1143 1590 1446 1642 frementem:

143 1659 251 1705 Non
264 1659 449 1718 jaculo,
468 1676 623 1721 neque
640 1659 939 1720 enimjaculo
957 1658 1099 1706 vitam
1116 1658 1192 1704 ille
1207 1657 1447 1711 dedisset:

142 1725 234 1770 Sed
264 1726 481 1787 magniim
506 1725 710 1772 stridens
736 1733 952 1773 contorta
975 1724 1168 1771 falarica
1194 1724 1320 1770 venit

144 1791 368 1838 Fulminis
394 1800 504 1839 acta
528 1792 688 1849 modo,
715 1807 857 1854 quam
878 1808 965 1838 nec
987 1791 1084 1838 duo
1111 1798 1277 1837 taurea
1302 1798 1447 1851 terga,

140 1857 245 1903 Nec
269 1859 454 1920 duplici
479 1859 678 1920 squama
701 1858 848 1904 lorica
870 1858 1023 1905 fidelis
1048 1863 1095 1903 et
1118 1860 1250 1903 auro'

141 1924 400 1974 Sustinuit:
423 1925 637 1987 collapsa
652 1932 796 1971 ruunt
809 1923 1031 1970 immania
1047 1923 1275 1969 membra.
1291 1923 1445 1984 [gens.

143 1992 235 2036 Dat
263 1992 397 2038 tellus
421 1992 665 2053 gemitum,
687 1998 736 2037 et
757 1991 979 2053 clypeum
1007 2004 1149 2051 super
1174 1990 1356 2035 intonat
1373 1988 1445 2034 in-

142 2057 304 2110 Qualis
330 2058 374 2103 in
407 2059 620 2104 Euboico
646 2057 862 2102 Baiarum
892 2056 1046 2102 littore
1073 2055 1313 2117 quondam
1348 2061 1446 2110 710

141 2125 288 2170 Saxea
317 2125 409 2187 pila
435 2127 582 2179 cadit,
611 2124 789 2182 magnis
815 2139 954 2184 qnam
986 2122 1189 2168 molibus
1212 2121 1323 2167 ante

140 2190 470 2237 Consti-«ictam
498 2199 646 2253 ponto
663 2190 885 2249 jaciunt:
925 2189 991 2236 sic
1016 2189 1092 2234 illa
1119 2189 1298 2234 ruinam

143 2257 481 2313 Pronatrahit,
504 2257 790 2320 penitusque,
817 2255 948 2302 vadis
973 2255 1092 2301 illisa
1119 2253 1389 2302 recumbit:

142 2324 345 2369 Miscent
369 2340 416 2369 se
441 2324 602 2378 maria,
628 2333 674 2369 et
701 2324 845 2384 nigrae
869 2322 1151 2368 attolluntur
1174 2337 1359 2368 arenae:

136 2390 259 2434 'l‘um
277 2390 434 2436 sonitu
451 2389 690 2452 Prochyta
707 2390 800 2434 alta
818 2390 990 2444 tremit,
1004 2387 1271 2451 durumque
1287 2384 1443 2434 cubile

141 2456 337 2502 Inarime
361 2455 490 2503 Jovis
516 2456 729 2519 imperiis
758 2455 964 2517 imposta
989 2455 1232 2518 Typhoeo.

752 2523 768 2566 l
797 2529 822 2568 ‘2
