1586 2704
147 28 243 71 384
498 36 546 71 Ρ.
584 35 835 72 VIRGILII
873 37 1138 77 MARONIS

146 148 404 210 Adjiciam,
425 148 695 213 faciamque
726 167 889 200 omnes
912 169 1007 200 uno
1032 170 1114 201 ore
1140 154 1360 204 Latinos.

147 216 274 263 Hinc
284 219 667 279 genus,Ausonio
678 218 1014 282 mixtumquod
1029 221 1258 282 sanguine
1268 229 1445 285 surget.

147 283 300 344 Supra
326 283 555 340 homineS,
583 300 728 346 supra
752 285 815 332 ire
835 287 966 332 Deos
989 285 1172 344 pietate
1193 288 1378 335 videbis
1399 306 1412 343 ;

144 349 249 396 Nec
270 366 385 410 gens
408 350 508 397 ulla
531 358 636 397 tuos
658 352 794 414 aeque
816 352 1082 400 celebrabit
1108 354 1331 401 honores.
1351 362 1445 403 840

141 416 328 462 Annuit
348 416 418 462 his
444 418 585 474 Juno,
618 425 667 464 et
693 426 894 465 mentem
921 419 1082 466 laetata
1105 423 1311 468 retorsit.

143 481 333 529 Interea
350 482 546 530 excedit
569 484 707 539 coelo,
730 484 1004 546 nubemque
1023 487 1228 549 reliquit.

206 548 293 594 His
319 550 459 604 actis,
478 550 604 596 aliud
633 550 839 596 Genitor
863 567 1027 598 secum
1051 552 1156 616 ipse
1176 554 1374 609 volutat,

137 614 487 678 Juturuamque
521 624 658 677 parat
684 615 843 663 fratris
865 617 1101 666 dimittere
1124 619 1186 665 ab
1211 621 1374 667 armis.

138 680 379 728 Dicuntur
405 683 606 741 geminae
624 690 802 744 pestes,
825 686 1111 746 cognomine
1136 687 1280 742 Dirae,

140 746 273 799 Quas
318 757 366 794 et
390 750 669 795 Tartaream
693 750 803 795 Nox
827 750 1115 814 intempesta
1137 754 1405 815 Megaeram

137 812 243 859 Uno
267 814 536 877 eodemque
562 815 671 862 tulit
688 825 848 878 partu,
874 818 1171 881 paribusque
1190 819 1390 866 revinxit

136 879 421 942 Serpentum
447 882 604 945 spiris,
625 891 943 945 ventosasque
966 885 1153 932 addidit
1171 885 1289 933 alas.

135 946 224 992 Hae
244 948 376 994 Jovis
395 948 453 994 ad
482 949 654 995 solium
674 949 882 1012 saevique
903 950 948 996 in
969 951 1129 998 limine
1154 953 1276 1015 regis
1344 959 1438 1008 849

139 1016 401 1076 Apparent,
428 1025 705 1078 acuuntque
734 1026 907 1063 metum
930 1019 1209 1065 mortalibus
1230 1021 1382 1081 aegriS,

133 1079 392 1141 Siquando
414 1082 556 1128 letum
571 1084 640 1129 bo.
658 1082 843 1129 rificum
862 1085 1153 1148 morbosque
1180 1087 1337 1132 Dcfim
1354 1103 1436 1134 rex

135 1147 353 1204 Molitur‚
380 1149 572 1195 meritas
598 1157 681 1197 aut
707 1149 830 1196 bello
849 1151 1035 1198 territat
1060 1152 1216 1198 urbes.

132 1213 309 1259 Harum
338 1232 474 1261 unam
504 1216 703 1263 celerem
732 1216 938 1263 demittit
963 1218 1022 1264 ab
1044 1219 1217 1266 aethere
1248 1236 1436 1267 summo

129 1280 329 1341 Jupiter,
355 1281 500 1344 inque
525 1299 662 1329 omen
688 1284 906 1330 Juturnae
932 1300 1182 1331 occurrere
1200 1286 1368 1347 jussit.

132 1346 220 1393 Illa
245 1348 392 1405 volat,
417 1349 657 1411 celerique
684 1349 745 1395 ad
772 1358 944 1396 terram
965 1351 1150 1397 turbine
1177 1351 1353 1400 fertur:

130 1414 240 1460 Non
268 1432 404 1462 secus
431 1432 486 1463 ac
514 1433 658 1463 nervo
684 1432 768 1479 per
789 1418 962 1464 nubem
983 1417 1192 1481 impulsa
1208 1419 1399 1481 sagitta,

135 1484 379 1528 Armatam
400 1483 509 1529 saevi
535 1483 738 1530 Parthus
766 1500 913 1545 quam
942 1484 1052 1531 felle
1082 1486 1268 1541 veneni,

129 1548 331 1594 Parthus
357 1552 390 1595 si
475 1550 665 1613 Cydon,
691 1550 838 1597 telum
855 1551 1205 1598 immedicabile
1224 1553 1366 1600 torsit

130 1615 364 1672 St··idens‚
391 1640 435 1662 η
463 1618 636 1663 celeres
655 1617 897 1680 incognita
921 1618 1123 1664 transilit
1148 1619 1371 1673 umbras;

127 1682 161 1726 ἰ
176 1681 260 1728 alis
287 1698 335 1727 se
361 1690 462 1728 sata
482 1684 637 1730 Nocte
659 1684 781 1739 tulit,
807 1691 1051 1747 terrasque
1077 1685 1264 1747 petivit.
1334 1683 1429 1733 860

194 1748 454 1810 Postquam
467 1749 594 1796 acies
614 1749 745 1797 videt
758 1750 939 1805 Iliacas,
950 1760 1095 1811 atque
1106 1751 1429 1812 agmina-Tur·

133 1813 271 1859 Alitis
297 1816 341 1859 in
371 1831 528 1875 parvae
554 1816 760 1863 subitam
791 1813 993 1862 collecta
1022 1815 1241 1876 figuram,
1344 1828 1415 1879 [ιιι

130 1881 250 1933 Quae
270 1881 517 1943 quondam
542 1882 588 1929 in
610 1881 762 1929 bustis
787 1889 871 1928 aut
889 1881 1176 1928 culminibus
1201 1883 1405 1929 desertis

127 1947 285 1994 Nocte
301 1947 484 2005 sedens,
500 1949 656 1995 serum
676 1949 804 1996 canit
820 1954 1091 2012 importuna
1107 1964 1192 2010 per
1208 1950 1424 2004 umbras3

127 2013 264 2059 Hanc
284 2031 417 2061 versa
440 2016 485 2061 in
506 2015 695 2072 faciem,
721 2016 871 2062 Turni
896 2032 945 2061 se
970 2014 1116 2077 pestis
1143 2017 1204 2064 ob
1223 2031 1307 2062 ora

124 2080 331 2143 Fertque
361 2081 601 2145 refertque
633 2099 819 2137 sonans,
839 2082 1154 2145 clypeumque
1181 2083 1427 2128 everberat

125 2146 198 2192 Illi
225 2149 438 2194 membra
461 2165 612 2196 novus
635 2149 772 2196 solvit
789 2148 1039 2195 formidine
1063 2157 1259 2211 torpor;
1302 2149 1426 2211 [alis.

123 2215 437 2276 Arrectaeque
462 2216 656 2263 horrore
674 2232 843 2272 comae,
862 2223 910 2262 et
926 2231 1018 2261 vox
1037 2214 1426 2263 faucibushaesit.
1454 2245 1458 2248 -

121 2283 184 2328 At
202 2282 371 2344 procul
399 2290 449 2328 ut
475 2283 603 2328 Dirae
628 2283 877 2329 stridorem
900 2282 1092 2345 agnovit
1115 2290 1162 2328 et
1186 2281 1301 2339 alas,

123 2347 294 2395 Infelix
321 2348 472 2395 crines
500 2349 677 2396 scindit
700 2351 725 2398 J
732 2357 904 2396 nturna
927 2349 1128 2406 solutoS‚
1332 2354 1426 2402 870

122 2415 375 2478 Unguibus
404 2431 486 2462 ora
511 2432 644 2463 soror
668 2415 877 2474 foedans,
900 2422 951 2464 et
969 2423 1171 2479 pectora
1193 2414 1380 2479 pugnis.
