1584 2706
477 80 777 114 Bucomca.
818 81 935 115 ECL.
974 81 1064 114 111.
1366 76 1423 118 13

124 186 217 221 DA.
264 174 414 220 Pollio
447 183 577 222 amat
617 185 844 231 nostram,
884 175 1096 238 quamvis
1121 183 1187 222 est
1227 176 1425 233 rustica,

250 241 460 286 Musam.

121 304 344 362 Pierides,
363 308 557 353 vitulam
586 307 751 354 lectori
778 307 960 370 pascite
986 317 1160 355 vestro,
1199 310 1426 372 [taurum,

121 384 223 418 ME.
267 374 417 420 Pollio
443 383 490 420 et
525 375 628 434 ipse
667 374 779 420 facit
820 390 944 420 nova
970 375 1204 420 carmina:
1241 375 1426 437 pascite

117 438 222 485 Jam
246 456 397 486 cornu
422 449 570 503 petat,
597 450 641 485 et
666 441 872 504 pedibus
897 441 978 502 qui
1004 448 1197 503 spargat
1219 457 1426 490 arenam.

119 516 213 552 DA.
242 506 337 560 Qui
373 515 435 564 te,
476 507 643 561 Pollio,
668 515 814 564 amat,
841 508 1012 564 veniat,
1038 507 1136 570 quo
1163 516 1207 554 te
1233 524 1427 572 quoque

249 574 451 636 gaudet:

116 637 263 685 Mella
282 639 431 687 fluant
454 641 535 697 illi,
563 640 684 687 ferat
700 649 747 687 et
770 640 917 688 rubus
937 656 1077 702 asper
1101 656 1360 689 amomum.

116 716 216 751 ME.
256 707 353 761 Qui
399 708 596 755 Bavium
643 724 737 754 non
782 707 902 762 odit,
941 715 1069 754 amet
1092 714 1175 754 tua
1200 708 1425 763 carmina,

245 774 417 821 Maevi:
1357 782 1424 832 90

113 839 277 903 Atque
301 841 424 887 idem
439 841 617 903 jungat
641 841 824 903 vulpes,
850 848 896 887 et
923 840 1131 902 mulgeat
1158 839 1332 886 hircos.

114 917 209 954 DA.
235 907 332 962 Qui
355 908 509 971 legitis
535 908 692 965 flores,
711 917 759 954 et
783 906 915 954 humi
942 907 1186 954 nascentia
1209 906 1357 969 fraga,

112 971 345 1036 Frigidus,
378 992 407 1021 o
448 975 581 1037 pueri
603 976 613 1022 !
653 973 804 1036 sugite
851 974 976 1031 hinc,
1018 975 1135 1021 latet
1174 974 1343 1036 anguis
1379 974 1423 1021 in

246 1041 410 1090 herb-51.
1289 1041 1423 1104 [ripae

113 1120 213 1157 ME.
241 1108 446 1165 Parcite,
473 1125 602 1164 oves,
635 1107 833 1153 nimium
859 1106 1142 1169 procedere:
1180 1124 1275 1154 non
1303 1109 1424 1155 bene

110 1173 356 1221 Creditur:
381 1175 480 1239 ipse
504 1175 624 1221 aries
642 1175 783 1222 etiam
809 1190 936 1220 nunc
961 1174 1137 1221 vellera
1161 1175 1328 1226 siccat.

112 1253 205 1289 DA.
229 1242 414 1305 Tityre,
437 1250 688 1304 pascentes
707 1258 732 1287 a
757 1240 952 1288 flumine
970 1240 1097 1288 reice
1123 1243 1355 1304 capellas:

110 1306 236 1369 Ipse,
264 1309 346 1355 ubi
370 1318 562 1372 tempus
587 1309 693 1364 erit,
715 1324 880 1354 omnes
905 1308 949 1353 in
976 1306 1108 1354 fonte
1133 1308 1322 1355 lavabo.

110 1386 211 1420 ME.
237 1375 407 1438 Cogite
432 1392 563 1431 oves,
591 1375 752 1437 pueri:
781 1374 820 1420 si
842 1374 921 1433 lac¹
942 1376 1230 1436 praeceperit
1255 1382 1419 1432 aestus,

107 1441 174 1487 Ut
198 1457 363 1503 nuper,
391 1442 565 1489 frustra
588 1440 908 1503 pressabimus
936 1440 1082 1486 ubera
1106 1441 1294 1504 palmis.
1353 1448 1420 1498 99

111 1519 202 1555 DA.
230 1506 620 1569 Heu‚heu,quam
634 1506 1420 1570 pinguimacerestmihitaurusin

236 1576 373 1622 ervo!

105 1639 239 1688 Idem
265 1657 396 1689 amor
419 1640 611 1688 exitium
632 1639 814 1703 pecori,
851 1643 1143 1708 pecorisque
1171 1644 1419 1704 magistro.

107 1720 206 1756 ME.
230 1707 313 1754 His
337 1710 467 1755 certe
492 1724 647 1771 neque
672 1722 806 1754 amor
828 1722 974 1754 causa
997 1717 1088 1754 est:
1126 1709 1205 1755 vix
1230 1709 1418 1756 ossibus

234 1774 434 1823 haerent.

106 1840 283 1887 Nescio
301 1841 408 1904 quis
419 1849 606 1888 teneros
630 1842 799 1888 oculus
818 1840 934 1888 mihi
958 1838 1162 1886 fascinat
1185 1855 1352 1901 agnOS.

104 1919 198 1957 DA.
226 1909 319 1955 Dic
355 1908 531 1971 quibus
572 1908 617 1954 in
656 1909 810 1964 terris,
854 1915 903 1955 et
947 1906 1039 1954 eris
1080 1906 1193 1953 mihi
1217 1922 1416 1971 magnus

232 1975 428 2038 Apollo,

100 2040 224 2088 Tres
249 2049 412 2103 pateat
437 2040 547 2088 coeli
570 2040 775 2104 spatium
801 2057 894 2088 non
920 2038 1127 2103 amplius
1153 2040 1302 2090 ulnas.

102 2119 204 2154 ME.
240 2108 333 2154 Dic
358 2107 534 2171 quibus
556 2108 603 2154 in
628 2107 761 2154 terris
786 2107 1008 2170 inscripti
1033 2107 1227 2153 uomina
1248 2122 1412 2168 regum

101 2173 379 2221 Nascantur
403 2173 567 2221 flores:
605 2182 652 2221 et
677 2174 901 2237 Phyllida
925 2175 1052 2221 solus
1082 2173 1274 2221 habeto,
1300 2175 1413 2237 [tes.

102 2251 193 2288 ΡΑ.
229 2241 338 2287 Non
365 2249 578 2288 nostrum
599 2241 723 2288 inter
747 2257 832 2287 vos
869 2249 1024 2288 tantas
1044 2256 1336 2302 componere
1362 2240 1414 2287 li-

100 2304 162 2352 Et
187 2305 334 2354 vitula
374 2315 427 2354 tu
464 2307 652 2371 dignus,
691 2315 739 2353 et
780 2308 887 2354 hic:
913 2316 960 2354 et
987 2307 1204 2370 quisquis
1229 2323 1412 2354 amores

101 2373 200 2419 Aut
224 2381 406 2421 metuet
429 2375 613 2432 dulces,
638 2382 720 2421 aut
743 2375 1009 2437 experietur
1029 2389 1235 2420 amaros.
1319 2381 1412 2421 110

100 2436 322 2488 Claudite
339 2441 440 2504 jam
467 2441 608 2498 rivos,
636 2440 767 2504 pueri
790 2457 800 2488 ε
839 2451 910 2489 sat
936 2449 1069 2504 prata
1096 2440 1339 2488 biberunt.

1174 2511 1210 2553 A
1251 2514 1279 2554 2
