1586 2704
545 89 809 123 AENfflnos
851 88 960 122 ma.
1003 89 1063 122 x1
1364 80 1459 123 345

165 203 308 259 Quod
335 203 370 250 si
394 220 463 249 me
490 203 639 250 solum
665 203 846 249 Teucri
872 204 914 248 in
943 204 1199 249 certamina
1222 210 1434 264 poscunt

164 271 317 332 quue
344 271 518 331 placet,
543 268 824 330 tantumque
850 270 987 315 bonis
1013 269 1346 314 communibus
1371 269 1460 314 ob-

163 336 271 382 Non
297 335 416 382 adeo
444 337 524 381 has
545 352 688 381 exosa
713 350 877 381 manus
903 336 1098 380 victoria
1128 335 1264 394 fugit,
1333 336 1457 397 [sto;

162 404 225 449 Ut
251 403 379 448 tanta
402 402 659 463 quicquam
688 418 770 463 pro
797 418 881 463 spe
908 410 1088 447 tentare
1113 417 1341 447 recusem.

162 469 248 513 lbo
268 468 435 513 animis
449 467 643 522 contram
667 468 737 513 vel
758 484 975 526 magnum
992 475 1182 527 praestet
1205 467 1457 524 Achillem,

161 535 401 594 Factaque
427 535 628 580 Vulcani
647 535 864 581 manibus
882 535 1008 595 paria
1025 531 1188 578 induat
1215 549 1344 579 arma
1359 540 1457 591 439

161 600 243 646 Ille
261 600 387 646 licet.
426 601 571 646 Vobis
593 601 795 646 animam
815 601 954 657 hanc,
977 615 1240 660 soceroque
1266 600 1456 657 Latino,

157 666 343 713 Turnus
371 683 476 728 egO,
507 666 629 712 haud
662 667 739 712 ulli
767 675 975 712 veterum
1004 666 1174 711 virture
1200 667 1455 723 secundus,

156 732 358 778 Devovi.
429 733 589 778 Solum
621 734 789 778 AEneas
816 741 980 779 vocat:
1015 740 1062 778 et
1087 740 1243 787 vocet,
1270 747 1371 778 oro.

158 799 260 845 Nec
291 801 492 844 Drances
517 799 692 860 potiuS‚
719 800 815 844 sive
842 808 909 845 est
935 800 1037 844 liaec
1064 799 1126 843 ira
1158 799 1385 855 Deorum,

155 865 316 912 Morte
343 866 467 917 luat;
506 867 602 911 sive
628 874 699 911 est
727 865 870 911 virtus
896 876 942 910 et
964 865 1131 926 gloria,
1153 865 1306 909 tollat.

220 931 293 977 Illi
321 933 420 977 haec
442 934 561 977 inter
585 949 632 977 se
655 931 810 976 dubiis
836 932 894 976 de
920 932 1060 977 rebus
1081 930 1288 990 agebant

153 997 428 1049 Certantes;
468 1008 619 1043 castra
646 1000 816 1044 AEneas
837 998 1085 1057 aciemque
1113 996 1353 1043 movebat.

153 1063 359 1109 Nuntius
386 1065 561 1125 ingenti
589 1081 671 1123 per
695 1063 822 1124 regia
849 1072 973 1109 tecta
1002 1062 1207 1108 tumultu

152 1129 278 1175 Ecce
303 1131 410 1184 ruit,
441 1133 718 1189 magnisque
747 1130 908 1176 urbem
938 1130 1195 1174 terroribus
1223 1129 1418 1191 implet:

151 1195 413 1242 Instructos
435 1198 536 1242 acie
563 1197 791 1242 Tiberino
817 1212 841 1240 a
869 1195 1056 1241 flumine
1073 1195 1306 1251 Teucros,

149 1262 539 1322 Tyrrhenamque
562 1279 748 1307 manum
776 1262 886 1308 totis
911 1262 1202 1309 descendere
1228 1262 1427 1324 campis.

150 1328 402 1388 Extemplo
429 1329 605 1374 turbati
631 1329 790 1383 animi,
811 1344 1136 1388 concussaque
1159 1328 1283 1390 vulgi
1355 1336 1444 1376 451

149 1395 364 1450 Pectora,
384 1403 430 1440 et
455 1406 651 1440 arrectae
672 1394 870 1441 stimulis
897 1395 1018 1440 haud
1047 1394 1265 1440 mollibus
1292 1396 1391 1443 irae.

148 1461 294 1506 Arma
307 1461 627 1522 manutrepidi
647 1469 875 1521 poscunt;
895 1460 1446 1520 fremitarmajuventus:

149 1526 287 1574 Flent
305 1527 455 1573 moesti
476 1537 782 1589 mussantque
797 1536 969 1587 patreS.
1010 1527 1102 1572 Hic
1126 1527 1333 1589 undique
1350 1529 1450 1574 cla-

149 1592 380 1639 Dissensu
407 1594 536 1638 vario
564 1609 761 1653 magnus
783 1610 830 1637 se
858 1593 975 1638 tollit
997 1592 1042 1637 in
1069 1610 1223 1639 auras.
1328 1593 1451 1655 [mor

149 1658 289 1705 Haud
317 1676 455 1705 secus
481 1668 623 1722 atque
649 1661 745 1704 alto
765 1661 809 1704 in
838 1660 946 1704 luco
969 1658 1077 1704 cum
1096 1659 1218 1706 forte
1245 1669 1446 1707 catervae

148 1725 419 1773 Consedere
442 1726 628 1780 avium;
660 1728 906 1786 piscosove
932 1741 1066 1771 amne
1092 1726 1292 1773 Padusae

147 1790 276 1838 Dant
294 1793 495 1839 sonitum
523 1793 652 1838 rauci
679 1809 759 1853 per
785 1801 949 1853 stagna
974 1792 1194 1852 loquacia
1223 1794 1379 1855 cycni.

212 1858 480 1914 Immo,ait‚
507 1875 535 1903 o
560 1859 703 1912 cives,
732 1868 924 1919 arrepto
945 1866 1177 1918 tempore,
1202 1860 1412 1914 Turnus,

146 1922 314 1985 Cogite
331 1925 603 1979 concilium,
622 1934 667 1970 et
685 1941 846 1984 pacem
871 1923 1055 1969 laudate
1076 1924 1326 1972 sedentes:
1349 1925 1446 1973 460

147 1991 218 2035 Illi
244 1991 382 2036 armis
410 1992 454 2037 in
483 2007 619 2051 regna
646 2001 800 2036 ruant.
872 1991 973 2037 Nec
1002 1990 1135 2052 plura
1160 1991 1345 2038 locutus

148 2056 389 2116 Corripuit
408 2074 526 2113 sese,
549 2067 592 2103 et
617 2058 753 2103 tectis
776 2057 899 2103 citus
926 2057 1091 2103 extulit
1122 2058 1246 2104 altis.

144 2123 239 2179 Tu,
268 2123 459 2180 Voluse,
486 2126 651 2169 armari
682 2124 959 2170 Volscorum
988 2124 1124 2168 edice
1153 2124 1396 2187 maniplis:

146 2191 271 2244 Due,
291 2189 372 2244 ait,
397 2199 442 2236 et
466 2190 670 2236 Rutulos
694 2191 928 2252 :equitem
951 2190 1200 2252 Messapus
1219 2192 1262 2236 in
1284 2192 1443 2249 armis,

147 2256 212 2301 Et
239 2271 347 2302 cum
377 2256 518 2303 fratre
545 2257 708 2311 Coras,
734 2256 838 2302 latis
859 2256 1114 2302 diffundite
1141 2259 1343 2320 campis·

148 2322 262 2367 Pars
277 2322 436 2368 aditus
464 2323 590 2368 urbis
618 2322 822 2380 firment,
851 2332 1098 2385 turresque
1118 2333 1370 2385 capessant
1393 2341 1404 2372 z

147 2388 334 2444 Cetera,
360 2388 452 2450 qua
472 2390 629 2449 jusso,
659 2406 841 2436 mecum
868 2406 1029 2435 manus
1056 2389 1224 2437 inferat
1252 2407 1397 2439 arma.

213 2455 347 2502 llicet
373 2470 415 2501 ln
445 2473 598 2503 muros
625 2457 726 2503 tota
751 2456 1027 2503 discurritur
1045 2458 1179 2503 urbe.
