1607 2700
158 116 248 170 176
483 133 530 165 P.
571 132 813 166 Vnicum
857 132 1119 166 MARoms

152 251 274 303 Quae
295 249 406 295 mihi
425 250 596 297 reddat
611 268 736 308 eum,
765 251 833 298 vel
854 268 908 296 eo
932 268 1002 296 me
1028 251 1179 297 solvat
1203 256 1454 296 amantem.

152 317 334 361 Oceani
361 315 499 362 finem
519 319 676 378 juxta,
700 318 942 379 solemque
967 319 1233 374 cadentem,
1357 324 1456 362 480

150 382 360 428 Ultimus
387 384 657 445 AEtliiopum
674 385 807 429 locus
825 392 919 437 est;
958 383 1039 429 ubi
1060 384 1291 430 maximus
1314 381 1453 428 Atlas

151 451 301 493 Axem
332 451 525 496 humero
551 459 740 511 torquet
761 449 912 496 stellis
937 449 1213 496 ardentibus
1239 458 1421 510 aptum.

153 513 279 561 Hinc
305 515 417 560 mihi
438 516 660 578 Massylae
684 516 834 577 gentis
861 524 1121 562 monstrata
1147 516 1386 571 sacerdos,

151 580 471 642 Hesperidum
492 583 656 642 templi
679 590 861 636 custOS,
888 583 1149 643 epulasque
1175 582 1363 628 draconi

150 646 272 698 Quae
292 647 457 703 (labat,
480 657 527 693 et
546 664 703 694 sacros
731 649 944 693 servabat
968 648 1015 692 in
1040 648 1205 694 arbore
1225 664 1397 705 ramos,

150 711 388 774 Spargens
413 713 608 759 humida
633 713 773 759 mella
798 713 1208 775 soporiferumque
1233 731 1453 775 papaver.

151 778 270 824 Haec
295 795 344 824 se
369 780 657 826 carminibus
678 780 915 841 promittit
940 780 1119 825 solvere
1142 789 1322 827 mentes

150 845 282 897 Quas
309 846 447 900 velit;
487 856 560 892 ast
584 846 685 892 aliis
709 846 852 892 duras
878 846 1130 892 immittere
1155 862 1308 903 curas,

150 910 321 959 Sistere
345 928 518 973 aquam
546 912 714 969 fluviis,
753 923 801 958 et
825 920 1008 958 vertere
1032 911 1185 959 sidera
1209 921 1333 959 retro
1354 932 1367 969 3

148 977 518 1039 Nocturnosque
544 979 638 1024 ciet
663 995 836 1025 manes.
911 978 1100 1039 Mugire
1128 978 1307 1025 videbis
1359 988 1426 1037 49

150 1044 249 1089 Sub
263 1044 459 1103 pedibus
476 1053 666 1100 terrani,
682 1056 729 1091 et
745 1044 1031 1090 descendere
1043 1045 1283 1091 montibus
1296 1060 1443 1099 orno?

151 1110 341 1165 Testor,
371 1127 494 1166 cara,
522 1111 667 1167 Deos,
696 1120 744 1158 et
769 1120 831 1166 te,
857 1126 1095 1171 germana,
1121 1120 1352 1173 tuumque

148 1174 304 1222 Dulce
329 1185 493 1238 caput,
522 1177 726 1238 magicas
752 1177 945 1230 invitam
971 1177 1205 1238 accingier
1228 1187 1372 1225 arteS.

146 1243 220 1288 Tu
244 1252 425 1288 secreta
451 1259 617 1305 pyram
640 1253 772 1290 tecto
798 1243 1020 1289 interiore
1045 1245 1134 1289 sub
1155 1260 1291 1290 auras

148 1308 288 1371 Erige
307 1326 320 1363 ;
359 1317 407 1355 et
430 1325 557 1355 arma
579 1310 674 1365 viri,
697 1309 906 1356 thalamo
932 1325 1041 1370 quae
1064 1308 1156 1355 fixa
1179 1310 1370 1371 reliquit

148 1375 348 1436 Impius,
376 1375 664 1437 exuviasque
689 1392 870 1431 omnes,
897 1375 1175 1436 lectumque
1193 1377 1422 1438 jugalem,

150 1442 260 1494 Quo
284 1442 415 1503 perii,
437 1444 811 1504 superimponas.
885 1442 1093 1488 Abolere
1113 1441 1303 1488 nefandi

150 1508 333 1553 Cuncta
359 1509 442 1553 viri
469 1516 773 1554 monumenta
789 1508 935 1569 jubet
958 1517 1283 1570 monstratque
1308 1525 1459 1556 sacer·

149 1574 268 1620 Haec
295 1575 436 1620 effata
462 1575 599 1629 silet;
636 1576 789 1636 pallor
812 1575 948 1620 simul
974 1583 1177 1634 occupat
1200 1591 1295 1621 ora.
1333 1576 1458 1637 [dos.

146 1639 258 1685 Non
281 1649 438 1686 tamen
465 1644 607 1687 Anna
641 1641 774 1687 novis
799 1648 1061 1702 praetexere
1087 1639 1253 1686 funera
1278 1642 1423 1687 sacris

148 1708 437 1753 Germanam
459 1707 629 1761 credit;
668 1724 755 1753 nec
780 1714 940 1753 tantos
960 1714 1117 1752 mente
1144 1706 1323 1753 furores
1362 1714 1451 1754 501

149 1774 388 1835 Concipit,
411 1782 493 1819 aut
519 1774 734 1835 graviora
757 1775 909 1829 timet,
936 1773 1078 1836 quam
1100 1781 1248 1819 morte
1266 1773 1455 1820 Sichaei.

148 1839 271 1899 Ergo
288 1839 429 1901 jussa
452 1850 606 1900 parat.

213 1911 277 1951 At
304 1906 504 1967 Regina,
533 1907 650 1968 pyra
676 1905 908 1965 penetrali
933 1906 977 1950 in
1004 1904 1116 1951 sede
1139 1905 1228 1951 sub
1252 1920 1389 1951 auras

149 1973 323 2018 Erecta
348 1972 543 2034 ingenti,
571 1973 706 2018 taedis
731 1982 874 2034 utque
899 1971 1003 2018 ilice
1029 1973 1175 2027 secta,

148 2038 456 2100 Intenditque
478 2038 637 2085 locum
663 2039 813 2093 sertis,
833 2047 882 2084 et
906 2037 1072 2083 fronde
1097 2046 1294 2084 coronat

147 2105 386 2150 Funere&
427 2120 583 2165 super,
610 2105 817 2160 exuvias,
845 2120 1097 2165 ensemque
1120 2105 1356 2160 relictum,

146 2169 458 2231 Effigiemqne
484 2181 585 2216 toro
611 2171 756 2224 locat,
782 2172 906 2217 haud
931 2171 1087 2230 ignara
1107 2169 1268 2216 futuri.

148 2237 287 2282 Stant
311 2252 405 2282 arae
430 2237 643 2289 circum;
682 2246 728 2282 et
753 2237 905 2282 crines
930 2235 1076 2282 effusa
1101 2237 1322 2282 sacerdos
1361 2241 1456 2292 509

146 2303 439 2348 Tercentum
451 2311 588 2349 tonat
598 2318 678 2348 ore
691 2304 837 2360 Deos,
850 2302 1090 2364 Erebumq
1100 2319 1172 2357 ue,
1184 2302 1456 2364 Chaosque,

147 2368 573 2430 Tergeminamque
599 2370 833 2426 Hecaten,
856 2370 944 2415 tria
968 2368 1156 2431 virginis
1175 2385 1256 2414 ora
1273 2369 1455 2415 Dianae.

149 2435 392 2494 Sparserat
415 2443 463 2480 et
487 2435 650 2480 latices
677 2436 926 2482 simulatos
950 2433 1094 2482 fontis
1119 2435 1322 2489 Averni;

153 2499 369 2547 Falcibus
394 2510 442 2547 et
466 2516 630 2548 messae
655 2500 714 2547 ad
742 2501 899 2548 lunam
926 2509 1202 2563 quaeruntur
1225 2500 1390 2548 ahenis
