1607 2700
586 111 849 147 AENEmos
891 112 1000 147 Lm.
1042 114 1103 149 ιι.
1405 107 1495 151 135

195 232 524 280 Fundamenta
551 231 720 292 quatit,
747 238 996 294 totamque
1021 247 1047 277 a
1074 232 1265 281 sedibus
1291 236 1459 285 urbem

192 300 343 346 Eruit.
413 298 506 344 Hic
530 299 658 345 Juno
680 299 840 344 Scaeas
866 297 1123 344 saevissima
1147 310 1309 360 portas

194 366 347 413 Prima
376 371 520 421 tenet,
539 364 817 427 sociumque
855 365 1016 412 furens
1039 381 1065 411 a
1085 367 1286 414 navibus
1321 387 1490 434 agmen

189 434 329 479 Ferro
348 432 566 478 accincta
585 439 742 477 vocat.

186 501 292 546 Jam
318 514 526 544 summas
550 514 684 544 arces
703 497 940 552 Tritonia,
966 498 1167 560 respice,
1195 499 1354 549 Pallas

184 566 380 621 Insedit,
402 564 563 610 nimbo
588 564 818 627 effulgens
840 574 885 610 et
911 565 1138 627 Gorgone
1164 568 1305 614 saeva.

183 632 295 694 Ipse
315 632 458 678 Pater
485 632 661 678 Danais
682 631 862 678 animos
888 631 1104 693 viresque
1131 634 1369 681 secundas

184 697 398 745 Sufficit:
426 699 523 759 ipse
549 699 678 744 Deos
704 699 749 744 in
778 699 1003 745 Dardana
1028 700 1225 745 suscitat
1250 717 1395 749 arma.

181 765 343 827 Eripe,
372 774 497 819 nate,
526 764 704 828 fugam,
732 763 972 827 finemque
993 766 1184 827 impone
1210 767 1379 815 labori.

181 831 432 894 Nusquam
452 832 612 888 aber0‚
632 841 678 878 et
699 839 854 878 tutum
878 833 1031 894 patrio
1052 841 1095 877 te
1116 833 1272 879 limine
1303 835 1483 883 sistam.

181 898 396 955 Dixerat,
423 908 470 945 et
496 899 662 962 spissis
681 897 837 944 noctis
859 915 909 944 se
928 898 1145 945 condidit
1165 900 1359 948 umbris.
1386 901 1477 952 621

178 966 428 1027 Apparent
453 965 569 1012 dirae
595 966 762 1021 facies,
792 965 1078 1028 inimicaque
1103 966 1268 1027 Trojae

178 1031 391 1080 Numina
416 1048 585 1094 magna
614 1032 788 1079 Deum.

242 1099 372 1145 Tum
398 1098 509 1145 vero
535 1115 672 1145 omne
693 1098 807 1144 milii
833 1098 982 1144 visum
1005 1098 1251 1147 considere
1277 1100 1323 1147 in
1348 1101 1480 1164 ignes

176 1164 331 1223 Ilium,
358 1174 407 1214 et
430 1183 489 1213 ex
514 1167 610 1212 imo
637 1167 754 1212 verti
781 1166 1027 1228 Neptunia
1051 1165 1219 1226 Troja.

175 1234 250 1278 Ac
277 1233 419 1280 veluti
447 1233 643 1279 summis
668 1233 911 1295 antiquam
936 1233 982 1278 in
1011 1233 1252 1280 montibus
1277 1251 1443 1282 ornum

175 1298 299 1346 Cum
326 1300 448 1348 ferro
472 1300 677 1346 accisam
705 1300 978 1361 crebrisque
996 1300 1282 1362 bipennibus
1303 1302 1480 1349 instant

174 1366 352 1414 Eruere
377 1366 596 1429 agricolae
622 1367 842 1414 certatim
865 1384 876 1420 ;
904 1367 980 1412 illa
1005 1383 1157 1429 usque
1183 1368 1408 1425 minatur,

175 1433 236 1479 Et
273 1433 554 1480 tremefacta
589 1449 779 1480 comam
822 1449 1062 1480 concusso
1095 1435 1274 1481 vertice
1307 1444 1475 1483 nutat:

178 1499 459 1547 Vulneribus
476 1501 631 1547 donec
645 1499 872 1562 paulatim
889 1501 1062 1556 evicta,
1083 1517 1358 1562 supremum
1380 1501 1477 1551 630

173 1565 475 1628 Congemuh,
502 1566 741 1629 traxitque
754 1567 885 1627 jugis
911 1568 1071 1613 avulsa
1092 1568 1292 1616 ruinam.

169 1632 442 1691 Descend0‚
455 1649 510 1681 ac
523 1633 731 1680 ducente
743 1635 845 1680 Deo
858 1632 1232 1680 flammaminter
1244 1644 1291 1682 et
1313 1634 1474 1682 hostes

168 1699 439 1762 Expedior;
466 1701 580 1748 dant
598 1700 689 1747 tela
708 1700 883 1757 locum,
903 1699 1201 1762 flammaeque
1221 1702 1471 1749 recedunt.

233 1771 324 1814 Ast
345 1767 425 1814 ubi
441 1767 546 1829 jam
567 1768 730 1830 patriae
753 1775 1036 1829 perventum
1061 1768 1121 1813 ad
1144 1768 1305 1814 limina
1331 1769 1471 1824 sedis,

165 1833 503 1897 Antiquasque
514 1833 708 1886 domos:
736 1835 936 1896 genitor,
955 1851 1094 1896 quem
1110 1834 1275 1881 tollere
1293 1836 1337 1880 iu
1351 1836 1472 1882 altos

166 1898 414 1962 Optabam
436 1900 641 1964 primum
668 1909 871 1956 montes,
894 1900 1200 1963 primun-‚que
1226 1902 1469 1964 petebam,

163 1967 389 2028 Abnegat
410 1968 570 2014 excisa
598 1969 739 2015 vitam
765 1967 1028 2030 producere
1048 1967 1219 2028 ijfi,

162 2032 467 2098 Exiliumque
488 2035 604 2097 pati.
677 2036 773 2080 Vos
800 2050 845 2089 o,
874 2033 1048 2097 quibus
1075 2034 1257 2097 integer
1281 2035 1370 2081 aevi

163 2100 384 2164 Sanguis,
403 2102 482 2158 ait,
509 2101 771 2164 solidaeque
797 2116 884 2147 suo
910 2110 1040 2148 stant
1065 2102 1237 2148 robore
1264 2102 1409 2156 vires;

163 2164 260 2213 Vos
284 2169 459 2231 agitate
485 2169 662 2230 fugam.
1367 2169 1467 2217 640

162 2232 245 2279 Me
269 2235 306 2280 si
332 2236 564 2283 coelicolae
590 2235 842 2282 voluissent
861 2233 1034 2281 ducere
1055 2234 1216 2291 vitam,

162 2299 264 2346 Has
285 2302 397 2348 mihi
422 2303 685 2350 servassent
706 2303 873 2349 sedes:
901 2302 1014 2348 satis
1041 2318 1131 2348 una
1154 2318 1398 2366 superque

162 2365 375 2415 Vidimus
397 2370 598 2426 excidia,
624 2377 670 2415 et
695 2378 851 2431 captae
877 2369 1200 2433 superavimus
1226 2370 1349 2416 urbi.

160 2432 243 2479 Sic
267 2449 315 2489 o,
341 2434 409 2481 sic
434 2436 640 2499 positum
666 2436 798 2483 affati
823 2436 1061 2483 discedite
1087 2452 1277 2497 corpuS.

163 2499 271 2560 lpse
297 2516 437 2548 manu
456 2511 656 2550 mortem
674 2503 925 2554 inveniam.
962 2503 1272 2550 Miserebitur
1291 2500 1458 2556 hostis,

161 2565 467 2631 Exuviasque
492 2577 654 2633 petet:
680 2568 833 2618 facilis
850 2569 1045 2632 jactura
1071 2569 1291 2632 sepulcri.
