1607 2700
473 87 736 123 AENEIDOS
761 87 873 119 LIB.
914 88 1012 121 VH.
1312 82 1406 122 ‘243

85 210 296 257 Monstra
322 208 503 254 sinunt:
541 222 736 267 generos
761 206 965 251 externis
986 207 1132 253 affore
1157 208 1218 254 ab
1245 207 1355 262 oris,

87 276 193 321 Hoc
221 276 352 322 Latio
376 281 550 320 restare
570 282 765 328 canunt,
793 273 873 334 qui
894 274 1118 334 sauguine
1146 284 1354 319 nostrum

83 343 270 389 Nomen
295 343 338 386 in
364 348 491 386 astra
516 340 686 385 ferant.
763 341 907 386 Hunc
926 340 1056 385 illum
1084 356 1280 400 poscere
1305 339 1403 387 fata

84 409 142 453 Et
167 425 287 464 reor,
314 415 362 453 et
388 407 444 464 (si
470 405 585 469 quid
614 406 711 452 veri
738 422 871 452 mens
897 411 1268 469 augurat)opto.

149 475 265 520 Haec
291 473 481 529 effatus,
503 488 653 535 equos
674 489 869 518 numero
894 482 1030 536 pater
1054 473 1182 535 eligit
1210 474 1354 519 omni.

83 541 286 587 Stabant
306 549 374 585 ter
398 548 588 586 centum
616 540 751 585 nitidi
778 540 822 585 in
849 539 1141 601 praesepibus
1166 540 1300 585 altis:

80 607 315 653 Omnibus
340 606 580 668 extemplo
604 606 802 653 Teucris
821 606 966 667 jubet
991 606 1158 652 ordine
1175 606 1301 653 duci

79 674 310 719 lustratos
330 682 462 719 ostro
487 673 699 735 alipedes
725 674 966 735 pictisque
993 674 1183 734 tapetis.

79 743 237 786 Aurea
260 739 541 802 pectoribus
558 741 757 786 demissa
785 740 975 786 monilia
1002 741 1246 802 pendent3

77 807 220 853 Tecti
245 823 377 863 auro,
400 806 580 852 fulvum
609 807 841 853 mandunt
857 808 944 852 sub
972 807 1194 854 dentibus
1215 823 1399 853 aurum.

77 873 280 921 Absenti
296 874 454 920 AEneae
479 890 667 919 currum
689 874 996 935 geminosque
1025 874 1230 934 jugales,
1305 881 1402 920 280

78 940 266 986 Semine
291 942 354 987 ab
380 940 589 995 aetheri0‚
618 941 851 1000 spirantes
870 941 1063 985 naribus·
1089 940 1265 1000 ignem,

78 1006 272 1052 Illorum
298 1007 358 1053 de
377 1014 535 1067 gente,
564 1008 686 1068 patri
714 1023 835 1068 quos
877 1006 1061 1052 daedala
1086 1008 1220 1053 Circe

78 1073 335 1135 Supposita
359 1074 417 1119 de
443 1081 593 1119 matre
614 1074 786 1119 nothos
812 1073 966 1118 furata
991 1073 1186 1120 creavit.

75 1139 278 1186 Talibus
301 1139 527 1187 AEneadae
552 1140 688 1185 <lonis
713 1139 954 1202 dictisque
985 1140 1139 1186 Latini

78 1207 313 1254 Sublimes
337 1207 381 1252 in
407 1206 544 1269 equis
565 1208 779 1262 redeunt,
813 1223 1080 1268 pacemque
1100 1215 1363 1269 reportant.

141 1275 272 1322 Ecce
291 1281 450 1321 autem
476 1273 683 1319 Inachiis
705 1290 803 1318 sese
829 1273 1068 1320 referebat
1091 1274 1152 1320 ab
1178 1276 1315 1336 Argis

79 1341 217 1387 Saeva
241 1341 372 1389 Jovis
398 1339 594 1401 conjux,
622 1356 858 1401 aurasque
879 1340 1067 1387 invecta
1091 1344 1281 1386 tenebat
1307 1358 1319 1387 ε

76 1408 139 1453 Et
165 1407 326 1454 laetum
344 1408 558 1463 AEneam,
585 1406 882 1467 classemque
909 1423 965 1453 ex
984 1409 1157 1453 aeihere
1183 1408 1322 1470 longe

78 1473 373 1521 Dardaniam
401 1473 563 1521 Siculo
589 1475 835 1534 prospexit
860 1474 921 1518 ab
950 1490 1100 1535 usque
1127 1475 1373 1538 Pachyno.

80 1541 242 1587 Moliri
258 1541 361 1601 jam
390 1547 517 1587 tecta
544 1540 684 1594 videt,
705 1541 809 1600 jam
836 1537 982 1586 fidere
1009 1550 1162 1595 terrae,
1302 1549 1399 1598 290

79 1609 356 1654 Deseruisse
379 1615 502 1653 rates
524 1624 536 1653 ς
576 1607 707 1652 stetit
732 1607 830 1652 acri
855 1606 948 1652 fixa
975 1607 1163 1660 dolore;

77 1673 204 1720 Turn
231 1690 460 1735 quassans
487 1681 652 1735 caput,
680 1674 782 1719 haec
813 1672 987 1719 effudit
1011 1683 1204 1734 pectore
1229 1674 1358 1721 (licta
1383 1693 1394 1722 :

78 1742 187 1788 Heu
208 1742 399 1802 stirpem
427 1741 640 1796 invisam,
668 1748 715 1786 et
740 1739 848 1786 satis
874 1743 1109 1787 contraria
1136 1742 1310 1787 nostris

79 1809 197 1855 Fata
222 1808 459 1870 Phrygum
484 1808 494 1854 ἔ
534 1823 646 1853 num
673 1807 820 1867 Sigeis
844 1809 1134 1854 occumbere
1160 1809 1361 1870 campis,

79 1876 205 1920 Num
233 1876 361 1936 capti
388 1884 589 1936 potuere
610 1874 755 1935 capi?
794 1890 903 1919 nuni
926 1875 1118 1920 incensa
1145 1876 1375 1921 cremavit

77 1942 229 2003 Troja
259 1943 417 1986 viros?
457 1939 636 1986 medias
661 1940 807 1995 acies,
834 1940 1113 2002 mediosque
1141 1957 1221 2002 per
1245 1943 1374 2002 ignes

80 2009 310 2054 Invenere
337 2009 475 2053 viam.
549 2010 628 2062 At,
656 2007 821 2062 credo,
850 2023 952 2052 mea
972 2009 1165 2054 numina
1202 2011 1396 2054 tandem

83 2076 222 2121 Fessa
238 2075 421 2135 jacent,
448 2074 567 2120 odiis
592 2082 677 2120 aut
700 2082 972 2120 exsaturata
990 2074 1165 2137 quievi.

81 2142 207 2195 Quin
233 2143 372 2187 etiam
394 2143 543 2203 patria
564 2157 791 2188 excussos
807 2139 979 2187 infesta
999 2158 1082 2203 per
1103 2141 1255 2188 undas
1299 2148 1397 2198 ‘299

80 2210 208 2253 Ausa
234 2209 386 2270 sequi,
411 2216 459 2254 et
483 2207 691 2269 profugis
716 2216 816 2253 toto
843 2224 915 2253 ine
936 2223 1182 2271 opponere
1208 2217 1373 2270 ponto.

80 2274 328 2321 Absumtae
353 2275 628 2320 inTeucros
654 2275 773 2320 vires
799 2273 1004 2334 coelique
1029 2275 1283 2336 marisque.

81 2340 209 2394 Quid
230 2341 502 2402 Syrtes,aut
521 2341 679 2404 Scylla
703 2341 831 2396 mihi,
853 2342 965 2401 quid
987 2352 1117 2387 vasta
1130 2341 1397 2403 Charybdis

86 2407 305 2454 Profuit?
342 2417 507 2468 optato
533 2408 810 2454 conduntur
833 2407 1062 2470 Tybridis
1086 2409 1240 2461 alveo,

84 2474 242 2520 Securi
268 2473 423 2536 pelagi
463 2483 608 2538 atque
634 2475 740 2522 mei.
813 2475 942 2520 Mars
968 2474 1168 2537 perdere
1210 2483 1394 2537 gentem
