1602 2708
226 58 315 100 1-22
554 65 604 98 P.
641 62 891 98 V1RG1L11
932 61 1196 96 MAROMS

220 179 431 230 Dixerat.
475 177 560 224 Ille
581 177 701 225 dolis
723 178 978 225 instructus
999 185 1048 223 et
1065 185 1162 223 arte
1186 176 1397 238 Pelasga,
1428 182 1518 229 152

219 244 419 291 Sustulit
443 252 606 290 exutas
633 244 797 290 vinclis
824 244 881 289 ad
909 243 1062 289 sidera
1093 244 1308 304 palmas:

219 312 336 365 Vos,
362 310 524 356 aeterni
548 311 695 371 ignes,
720 320 766 356 et
789 326 880 355 non
910 310 1129 355 violabile
1156 318 1360 355 vestrum

218 376 393 421 Testor
417 392 605 430 numen,
632 376 728 422 ait:
768 392 869 429 vos,
894 391 987 420 arae
1014 392 1238 436 ensesque
1265 374 1476 430 nefandi,

221 442 354 496 Quos
377 441 473 503 fugi
497 459 508 496 ;
547 442 774 503 vittaeque
804 439 975 494 Deum,
1004 456 1120 501 quas
1148 441 1294 486 hostia
1324 444 1476 502 gessi3

222 508 310 553 Fas
339 508 451 553 mihi
478 507 728 554 Graiorum
757 513 942 552 sacrata
970 506 1199 552 resolvere
1217 506 1363 566 jura;

223 574 311 619 Fas
335 574 492 618 odisse
517 573 660 625 viros,
686 580 830 631 atque
855 572 1011 617 omnia
1036 571 1157 618 ferre
1185 573 1272 618 sub
1298 589 1456 629 auras,

221 639 271 685 Si
297 656 389 699 qua
415 647 614 697 tegunt3
654 647 819 684 teneor
843 638 1008 698 patriae
1035 653 1120 683 nec
1147 639 1328 698 legibus
1356 640 1476 685 ullis.

219 704 293 749 Tu
312 703 454 750 modo
473 704 714 764 promissis
732 719 940 756 maneas,
955 711 1235 764 servataque
1252 722 1407 750 serves
1432 705 1524 760 160

220 771 370 829 Troja
395 768 538 815 fidem
561 788 573 825 ;
613 770 648 814 si
675 785 781 814 vera
803 770 969 824 feram,
994 768 1031 813 si
1057 785 1225 825 magna
1250 772 1523 831 rependam.

289 836 461 882 Omnis
487 852 594 897 spes
622 834 856 892 Danaum,
882 845 929 881 et
955 835 1097 896 coepti
1124 835 1302 881 fiducia
1329 837 1439 882 belli

222 902 428 948 Palladis
451 902 635 947 auxiliis
656 918 840 964 semper
863 903 1009 948 stetit.
1081 902 1265 963 Impius
1286 919 1340 948 ex
1368 920 1462 964 quo

220 967 441 1028 Tydides
464 969 545 1013 sed
574 968 713 1022 enim,
737 969 1069 1028 scelerumque
1095 968 1316 1015 inventor
1341 970 1524 1024 Ulixes,

222 1034 386 1079 Fatale
411 1035 618 1095 aggressi
645 1043 829 1080 sacrato
855 1034 1052 1079 avellere
1077 1034 1256 1096 templo

223 1099 502 1155 Palladium,
529 1100 666 1146 caesis
693 1116 886 1145 summae
913 1100 1192 1146 custodibus
1220 1099 1358 1154 arcis,

224 1166 510 1227 Corripuere
536 1182 714 1211 sacram
737 1165 952 1226 effigiem,
978 1166 1289 1227 manibusque
1316 1167 1526 1213 cruentis

226 1232 470 1290 virgineas
493 1232 594 1277 ausi
623 1232 757 1278 Divae
784 1233 1058 1292 contingere
1085 1232 1258 1287 vittas;

224 1297 293 1342 Ex
318 1298 396 1343 illo
422 1296 567 1343 fluere
592 1314 647 1344 ac
671 1306 795 1343 retro
822 1298 1045 1358 sublapsa
1071 1297 1231 1344 referri
1438 1297 1529 1354 169

225 1364 347 1426 Spes
376 1363 598 1410 Danaum
622 1380 634 1418 ;
671 1362 835 1410 fractae
861 1364 1002 1418 vires,
1027 1379 1189 1410 aversa
1217 1366 1331 1411 Deae
1362 1381 1507 1412 mens.

223 1430 332 1477 Nec
357 1430 513 1476 dubiis
538 1446 591 1476 ea
618 1431 752 1493 signa
776 1429 906 1475 dedit
930 1430 1147 1476 Tritonia
1175 1432 1414 1476 monstris,

224 1495 318 1542 Vix
343 1495 550 1558 positum
577 1496 748 1542 castris
770 1495 1069 1542 simulacrum
1089 1513 1101 1551 ;
1140 1513 1296 1543 arsere
1317 1513 1533 1543 coruscae

226 1562 504 1608 Luminibus
530 1560 733 1607 flammae
760 1563 977 1619 arrectis,
1002 1563 1250 1624 salsusque
1276 1579 1359 1622 per
1384 1572 1510 1609 artus

228 1627 388 1673 Sudor
413 1627 483 1683 iit,
510 1635 676 1689 terque
701 1627 804 1689 ipsa
831 1628 930 1674 solo
952 1629 1188 1688 (mirabile
1214 1629 1367 1686 dictu)
1397 1630 1532 1690 [tem.

226 1692 452 1748 Emicuit,
479 1709 789 1755 parmamque
825 1693 976 1740 ferens
1012 1694 1296 1756 hastamque
1332 1704 1537 1741 tremen-

227 1758 484 1821 Extemplo
508 1759 735 1805 tentanda
759 1759 867 1819 fuga
892 1760 1019 1806 canit
1044 1777 1237 1822 aequora
1262 1761 1466 1808 Calchas
1492 1778 1503 1815 ;

229 1825 335 1871 Nec
363 1841 499 1886 posse
526 1826 764 1888 Argolicis
788 1826 1000 1871 exscindi
1027 1827 1257 1887 Pergama
1282 1828 1386 1873 telis
1409 1845 1420 1881 ;

232 1890 408 1937 Omina
434 1891 480 1936 ni
507 1899 729 1953 repetant
754 1893 911 1952 Argis,
939 1908 1205 1954 numenque
1230 1893 1481 1948 reducant,

234 1956 380 2008 Quod
408 1958 576 2018 pelago
602 1965 651 2003 et
677 1958 834 2004 curvis
862 1974 1022 2004 secum
1062 1974 1258 2007 avexere
1309 1961 1498 2006 carinis.

234 2023 295 2068 Et
313 2040 436 2068 nunc
456 2022 585 2084 quod
612 2026 786 2083 patrias
805 2034 947 2070 vento
965 2025 1142 2088 petiere
1160 2027 1385 2088 Mycenas
1406 2044 1416 2079 ;
1450 2034 1540 2074 lSO

233 2089 378 2134 Arma
397 2090 625 2150 Deosque
644 2100 807 2151 parant
821 2092 1034 2146 comites,
1049 2091 1312 2153 pelagoque
1327 2108 1541 2138 remenso

234 2154 487 2215 Improvisi
515 2157 745 2203 aderunt:
783 2158 844 2202 ita
871 2157 1043 2218 digerit
1066 2158 1222 2203 omina
1250 2159 1475 2205 Calchas.

235 2221 375 2266 Hanc
403 2236 490 2282 pro
517 2221 732 2266 Palladio
758 2224 943 2279 moniti,
970 2240 1056 2285 pro
1083 2226 1271 2270 numine
1299 2225 1426 2280 laeso,

235 2285 449 2346 Effigiem
479 2289 704 2342 statuere,
731 2288 862 2335 nefas
891 2306 998 2351 quae
1025 2290 1158 2336 triste
1184 2290 1354 2351 piaret.

236 2352 378 2398 Hanc
405 2362 561 2397 tamen
589 2354 864 2401 immensam
890 2356 1092 2403 Calchas
1125 2357 1345 2403 attollere
1372 2355 1544 2404 molem

236 2417 510 2465 Roboribus
538 2422 699 2476 textis,
727 2422 947 2483 coeloque
972 2422 1174 2468 educere
1190 2422 1369 2482 jussit:

235 2485 314 2531 Ne
339 2484 488 2546 recipi
514 2485 679 2547 portis,
706 2494 785 2533 aut
810 2487 923 2535 duci
949 2489 992 2535 in
1017 2490 1185 2536 moenia
1211 2489 1396 2551 possit:
