1607 2700
597 94 841 127 AExamos
890 95 1002 127 mn.
1044 95 1131 128 111.
1423 88 1508 128 151

189 215 390 262 Necnon
416 222 463 260 et
487 211 664 259 Teucri
683 210 813 257 socia
837 210 978 257 simul
1002 214 1118 260 urbe
1144 214 1378 262 fruuntur.

186 281 299 327 Illos
322 279 589 342 porticibus
613 294 695 324 rex
719 277 992 339 accipiebat
1011 279 1058 323 iu
1083 281 1270 342 amplis.

185 347 328 394 Aulai
351 345 398 399 in
425 345 818 391 medio'libabant
843 345 1021 405 pocula
1046 346 1246 403 Bacchi,

186 412 427 476 Impositis
451 429 566 458 auro
592 411 814 474 dapibuS,
842 419 1130 474 paterasque
1150 415 1390 460 tenebant.

249 480 456 540 Jamque
483 478 587 525 dies
613 480 833 539 alterque
859 477 959 523 dies
983 480 1238 540 processit3
1277 491 1324 526 et
1350 496 1475 529 aurae

183 545 303 592 Vela
321 555 516 603 vocant,
539 545 821 606 tumidoque
846 543 1038 591 inflatur
1064 547 1288 592 carbasus
1314 549 1511 594 Austro,

184 612 274 658 His
299 621 456 659 vatem
481 612 730 675 aggredior
753 611 909 666 dictis,
931 627 986 657 ac
1012 613 1126 658 talia
1152 629 1345 675 quaeso:

183 679 477 741 Trojugena,
504 680 735 742 interpres
763 678 960 734 Divum,
989 680 1070 740 qui
1096 680 1289 726 numina
1328 679 1510 735 Phoebi,

185 746 282 799 Qui
307 746 539 808 tripodas,
568 746 712 792 Clarii
739 746 914 801 lauros,
945 747 1025 807 qui
1053 746 1206 794 sidera
1231 747 1396 803 sentiS,
1417 744 1513 794 360

184 812 248 858 Et
272 813 519 860 volucrum
544 813 744 875 linguas,
772 822 818 859 et
845 813 1068 875 praepetis
1092 814 1247 859 omina
1276 829 1456 874 pennae,

185 879 305 926 Fare
330 896 416 941 age
442 886 670 941 (namque
697 896 884 925 omnem
912 895 1100 925 cursum
1139 881 1251 926 milii
1280 896 1513 943 prospera

185 946 398 1010 Religi03
436 956 482 993 et
509 946 673 993 cuncti
700 954 949 992 suaserunt
974 946 1165 993 numine
1192 947 1304 992 Divi
1376 947 1513 1009 [dixit

187 1013 372 1060 Italiam
399 1023 578 1075 petere,
605 1021 653 1059 et
679 1021 827 1059 terras
854 1022 1034 1058 tentare
1059 1019 1277 1075 repostas
1300 1031 1311 1060 :

184 1080 300 1126 Sola
324 1097 502 1127 novum
528 1079 758 1142 dictuque
784 1079 913 1126 nefas
942 1080 1155 1142 Harpyia
1180 1081 1378 1127 Celaeno

184 1147 462 1209 Prodigium
488 1148 632 1202 canit,
659 1154 708 1193 et
733 1147 886 1193 tristes
913 1146 1163 1194 denuntiat
1188 1147 1294 1204 iras,

184 1213 574 1277 Obscoeuamque
594 1213 790 1271 famem)
817 1230 925 1276 quae
963 1214 1114 1276 prima
1139 1215 1355 1276 pericula
1383 1213 1514 1259 vito?

185 1281 378 1335 Quidve
404 1297 626 1344 sequens,
653 1288 810 1326 tantos
837 1296 1030 1341 possum
1057 1297 1277 1342 superare
1294 1281 1514 1327 labores?

250 1348 345 1394 Hic
367 1348 602 1403 Helenus,
631 1347 768 1393 caesis
794 1347 999 1408 primuni
1025 1347 1084 1394 de
1110 1364 1241 1394 more
1267 1347 1494 1407 juvencis

184 1414 365 1462 Exorat
391 1431 562 1477 pacem
585 1414 778 1470 Divfim,
807 1414 1050 1475 vittasque
1071 1414 1260 1462 resolvit
1417 1421 1510 1470 37c

184 1481 367 1527 Sacrati
393 1482 583 1544 capiti5‚
611 1497 781 1542 meque
806 1480 863 1525 ad
886 1490 967 1527 tua
991 1482 1170 1538 limina,
1194 1481 1390 1537 Phoebe,

183 1548 292 1610 Ipse
317 1564 459 1594 manu
487 1547 637 1593 multo
664 1563 949 1608 suspensum
976 1548 1168 1594 numine
1192 1547 1356 1604 ducit;

182 1617 347 1678 Atque
373 1615 476 1661 haec
502 1613 676 1661 deinde
703 1613 828 1660 canit
854 1613 1021 1660 divino
1045 1631 1102 1660 ex
1129 1632 1212 1662 ore
1251 1614 1480 1662 sacerdos
1504 1653 1511 1662 .

182 1682 308 1729 Nate
332 1683 458 1728 Dea:
498 1697 606 1727 nam
633 1688 677 1726 te
699 1679 962 1740 majoribus
983 1681 1048 1728 ire
1075 1698 1160 1744 per
1183 1683 1330 1729 altum

183 1749 424 1812 Auspiciis
447 1748 694 1794 manifesta
720 1746 868 1794 fides:
909 1748 976 1794 sic
1002 1749 1103 1796 fata
1130 1749 1285 1797 Derim
1313 1766 1395 1797 rex

185 1817 404 1871 Sortitur,
426 1815 674 1875 volvitque
701 1815 862 1870 vices;
902 1815 940 1861 is
967 1817 1162 1863 vertitur
1187 1816 1326 1863 ordo.

184 1883 346 1930 Pauca
367 1882 492 1930 tibie
515 1882 690 1937 multis,
717 1881 813 1943 quo
841 1881 991 1928 tutior
1022 1883 1207 1945 hospita
1231 1883 1403 1932 lustres

181 1952 411 2012 AEquora,
433 1959 482 1996 et
507 1949 718 1995 Ausonio
746 1948 902 2011 possis
928 1949 1175 1996 considere
1200 1961 1359 2012 portu,

183 2018 448 2076 Expediam
477 2016 617 2063 dictis
641 2033 651 2069 ;
691 2015 949 2077 prohibent
975 2033 1084 2062 nam
1109 2026 1268 2063 cetera
1288 2018 1449 2066 l'arcae
1511 2014 1518 2025 ’

188 2085 319 2131 Scire
346 2085 598 2139 Helenum,
625 2081 812 2144 farique
838 2091 965 2129 vetat
990 2083 1210 2130 Saturnia
1235 2085 1382 2131 Juno.
1421 2093 1514 2134 380

249 2150 490 2212 Principio
511 2150 710 2205 ltaliam,
727 2166 868 2211 quam
884 2150 1048 2212 tujam
1065 2167 1166 2198 rere
1177 2151 1516 2215 propinquam,

183 2219 490 2280 Vicinosque,
520 2217 699 2279 ignare,
720 2232 859 2278 paras
884 2217 1105 2264 invadere
1130 2228 1316 2281 portus,

188 2287 352 2347 Longa
378 2286 548 2347 procul
575 2285 725 2346 longis
753 2284 823 2330 via
848 2283 1020 2330 dividit
1046 2285 1167 2331 invia
1188 2285 1339 2332 terris.

184 2352 310 2398 Ante
335 2361 382 2398 et
404 2351 657 2397 Trinacria
682 2351 936 2397 lentandus
963 2368 1121 2399 remus
1143 2352 1188 2398 in
1210 2351 1357 2407 unda,

184 2419 245 2464 Et
270 2417 376 2464 salis
402 2417 599 2465 Ausonii
624 2418 924 2464 lustrandum
951 2418 1154 2464 navibus
1179 2434 1360 2479 aequor,

188 2483 464 2548 lufernique
490 2485 638 2541 lacus,
666 2485 903 2546 AEaeaeque
929 2485 1077 2531 insula
1102 2486 1272 2541 Circae,
