1564 2708
185 85 279 130 124
546 95 596 130 P.
635 95 882 130 VIRG1L11
913 94 1178 130 MARONis

179 214 422 261 Clamores
445 215 583 262 simul
608 215 870 262 horrendos
895 215 955 262 ad
981 214 1135 262 sidera
1156 215 1304 269 tollit:

178 281 356 334 Quales
382 282 604 356 mugitus,
634 282 755 343 fugit
774 282 880 328 cum
908 283 1101 329 saucius
1121 298 1251 328 aram

171 345 379 404 Taurus,
405 356 453 394 et
476 348 705 407 incertam
730 348 941 394 excussit
965 349 1150 395 cervice
1175 348 1399 397 securim.

171 414 240 459 At
263 415 435 476 gemini
460 415 595 477 lapsu
622 415 822 461 delubra
848 415 906 460 ad
930 431 1111 461 summa
1129 415 1362 462 dracones

169 478 432 541 Effugiunt,
452 498 685 543 saevaeque
706 481 935 544 petuntT
940 481 1154 527 ritonidis
1171 498 1352 535 arcem;
1381 483 1493 544 [tur.

169 546 268 592 Sub
296 548 596 609 pedibusque
619 549 750 604 Deae,
779 547 1032 610 clypeique
1059 549 1147 593 sub
1173 549 1285 594 orbe
1329 557 1494 610 tegun-

167 611 293 659 Tum
323 614 433 660 vero
460 615 738 660 tremefacta
763 631 911 660 novus
939 630 1022 674 per
1048 624 1240 674 pectora
1265 617 1447 661 cunctis

166 677 382 726 Insinuat
407 696 587 742 pavor;
615 688 664 727 et
688 680 843 726 scelus
863 679 1148 741 expendisse
1173 690 1424 727 merentem

164 744 446 792 Laocoonta
472 747 644 802 ferunt,
673 763 857 793 sacrum
882 747 964 809 qui
991 746 1189 809 cuspide
1214 749 1359 793 robur
1397 754 1492 796 230

164 810 371 869 Laeserit,
399 822 446 860 et
471 821 604 876 tergo
630 814 908 860 sceleratam
935 813 1173 860 intorserit
1197 813 1392 860 hastam.

163 877 457 926 Ducendum
477 880 538 926 ad
564 880 701 927 sedes
723 880 1039 935 simulacrum,
1059 878 1334 942 orandaque
1353 880 1491 928 Divae

161 943 370 991 Numina
400 947 722 994 conclamant.

232 1012 504 1060 Dividimus
531 1031 704 1069 muros,
732 1022 777 1059 et
805 1013 976 1059 moenia
1002 1011 1256 1074 pandimus
1280 1013 1424 1060 urbis.

161 1078 431 1140 Accingunt
456 1097 618 1127 omnes
644 1080 804 1143 operi;
844 1080 1145 1142 pedibusque
1171 1088 1382 1127 rotarum

161 1143 437 1205 Subjiciunt
455 1148 637 1210 lapsus,
665 1156 714 1194 et
739 1156 906 1209 stupea
932 1147 1121 1193 vincula
1146 1146 1271 1193 collo

159 1210 441 1260 Intendunt.
514 1214 710 1261 Scandit
730 1213 886 1260 fatalis
913 1212 1133 1260 machina
1160 1229 1334 1269 muros,

158 1278 293 1324 Foeta
319 1281 478 1327 armis.
550 1281 688 1329 Pueri
713 1280 894 1326 circum
919 1280 1232 1342 innuptaeque
1257 1280 1431 1343 puellae

159 1345 301 1391 Sacra
323 1354 517 1403 canunt,
537 1347 794 1408 funemque
814 1363 951 1393 manu
969 1346 1241 1408 contingere
1261 1347 1487 1408 gaudent.

158 1411 249 1457 Illa
274 1413 418 1470 subit,
446 1414 713 1476 mediaeque
741 1414 922 1460 minans
949 1413 1160 1459 illabitur
1185 1413 1305 1459 urbi.
1393 1420 1489 1462 240

226 1477 270 1523 O
289 1481 454 1539 patria,
474 1497 502 1526 o
520 1480 692 1527 Divum
712 1480 900 1537 domus,
927 1481 1081 1536 Ilium,
1100 1487 1146 1525 et
1165 1479 1343 1542 inclyta
1363 1480 1489 1526 bello

159 1545 343 1592 Moenia
369 1547 730 1594 Dardanidum!
769 1554 937 1607 quater
961 1547 1064 1609 ipso
1080 1548 1126 1592 in
1152 1546 1309 1591 limine
1335 1554 1487 1608 portae

159 1612 396 1669 Substitit,
424 1622 567 1675 atque
586 1623 720 1659 utero
741 1614 948 1659 sonitum
966 1621 1136 1675 quater
1152 1627 1278 1657 arma
1295 1613 1487 1661 dedere.

158 1679 395 1725 Instamus
420 1689 578 1726 tamen
603 1680 918 1736 immemores,
945 1680 1159 1741 caecique
1176 1679 1352 1736 furore,

157 1746 220 1792 Et
246 1756 509 1792 monstrum
535 1746 693 1793 infelix
720 1748 907 1793 sacrata
929 1746 1134 1792 sistimus
1160 1761 1285 1791 arce.

223 1812 363 1859 Tunc
383 1813 522 1859 etiam
550 1813 660 1860 fatis
687 1813 839 1876 aperit
864 1812 1128 1861 Cassandra
1155 1811 1320 1857 futuris

159 1880 275 1934 Ora,
305 1879 548 1940 Deijussu
568 1896 658 1926 non
681 1896 885 1942 unquam
911 1878 1094 1926 credita
1118 1878 1336 1925 Teucris.

155 1945 258 1991 Nos
284 1945 481 1992 delubra
509 1947 664 1993 Deum
691 1946 859 2002 miseri,
887 1946 1062 2007 quibus
1090 1945 1282 1991 ultimus
1306 1953 1430 1991 esset

155 2012 243 2057 Ille
269 2011 387 2069 dies,
415 2013 537 2059 festa
562 2014 773 2059 velamus
799 2012 969 2060 fronde
995 2028 1078 2074 per
1102 2011 1284 2058 urbem.

222 2078 434 2125 Vertitur
453 2080 626 2126 interea
646 2080 836 2136 coelum,
854 2089 900 2125 et
919 2081 1016 2126 ruit
1035 2079 1232 2125 Oceano
1250 2094 1359 2133 nox,
1388 2083 1483 2126 250

155 2144 404 2190 Involvens
428 2147 595 2192 umbra
621 2146 792 2208 magna
820 2155 1088 2207 terramque
1114 2145 1395 2207 polumque,

155 2211 612 2274 Myrmidonumque
638 2212 803 2258 dolos:
843 2213 936 2258 fusi
960 2228 1044 2274 per
1069 2213 1235 2258 moenia
1259 2212 1435 2259 Teucri

155 2277 470 2325 Conticuere:
512 2295 655 2341 sopor
681 2279 832 2325 fessos
858 2277 1194 2339 complectitur
1219 2288 1362 2324 artus.

222 2344 282 2389 Et
299 2343 400 2404 jam
428 2345 602 2407 Argiva
626 2345 835 2406 phalanx
859 2345 1098 2392 instructis
1124 2346 1322 2391 navibus
1347 2345 1450 2393 ibat

154 2412 197 2455 A
222 2410 441 2466 Tenedo,
468 2413 625 2457 tacitae
651 2428 736 2473 per
760 2413 908 2458 amica
932 2411 1114 2458 silentia
1138 2413 1279 2466 luuae,

154 2475 337 2522 Littora
357 2486 468 2523 nota
493 2486 686 2540 petens:
724 2477 934 2524 flammas
955 2478 1063 2525 cum
1084 2479 1213 2541 regia
1238 2479 1415 2542 puppis

155 2543 432 2601 Extulerat;
471 2544 677 2608 fatisque
705 2544 863 2592 Deum
890 2545 1148 2592 defensus
1137 2546 1325 2610 iniquis,

1551 2627 1564 2708 ἐ.
