1602 2708
428 61 694 98 AENEmos
738 61 850 94 Llss.
892 60 955 96 11.
1322 55 1405 97 121

93 182 213 229 mm
241 182 445 241 primum
476 181 646 227 Iliacas
673 179 831 225 Danai
858 180 1052 225 venistis
1079 180 1138 227 ad
1166 196 1292 238 oras,

95 251 334 309 Sanguine
360 246 606 309 quaerendi
634 245 830 301 reditus,
852 246 1105 307 animaque
1132 248 1368 294 litandum

95 316 337 379 Argolica.
414 313 551 376 Vulgi
579 330 687 375 quae
713 330 804 358 vox
833 320 883 358 ut
909 313 1033 357 venit
1054 313 1112 359 ad
1135 331 1288 370 aures,
1314 321 1409 370 119

95 385 402 443 Obstupuere
426 381 588 436 animi,
616 380 899 443 gelidusque
925 395 1010 439 per
1029 378 1121 424 ima
1142 382 1354 428 cucurrit

94 449 210 495 Ossa
230 457 426 501 tremor3
450 447 526 494 cui
542 446 640 493 fata
658 455 840 508 parent,
865 462 1003 507 quem
1025 457 1197 507 poscat
1218 449 1410 509 Apollo.

92 516 186 561 Hic
209 515 403 561 Ithacus
431 523 583 560 vatem
612 529 781 577 magno
809 513 1075 559 Calchanta
1096 513 1302 560 tumultu

92 581 333 628 Protrahit
354 582 396 627 iu
424 581 628 628 medios:
655 597 762 642 quae
788 580 880 626 sint
899 596 956 627 ea
981 579 1174 626 numina
1201 582 1377 629 Divum

93 648 315 709 Flagitat:
343 657 389 694 et
416 648 530 694 mihi
548 648 651 708 jam
679 647 816 694 multi
841 646 1036 693 crudele
1057 647 1296 694 canebant

90 712 305 760 Artificis'
326 716 499 770 scelus,
527 725 574 761 et
600 715 732 762 taciti
760 722 954 760 ventura
982 713 1227 760 videbant.

90 781 172 827 Bis
198 781 368 844 quinos
394 782 497 828 silet
521 782 597 828 ille
618 783 736 838 dies,
764 790 1015 842 tectusque
1040 791 1230 827 recusat

91 848 297 895 Prodere
316 865 430 895 voce
447 850 532 896 sua
553 865 860 911 quemquam,
885 856 967 894 aut
985 863 1229 909 opponere
1251 847 1411 895 morti.

91 914 180 960 Vix
205 916 394 962 tandem
421 915 603 979 magnis
629 916 778 962 Ithaci
804 914 1094 961 clamoribus
1120 924 1276 970 actuS‚

90 982 377 1046 Composito
404 983 580 1046 rumpit
607 999 791 1038 vocem,
819 990 866 1029 et
892 998 966 1028 me
991 981 1198 1028 destinat
1223 998 1335 1028 arae.

89 1053 343 1096 Assensere
369 1066 558 1104 omnes;
585 1059 646 1105 et,
670 1066 778 1112 quae
806 1049 893 1095 sibi
920 1048 1124 1111 quisque
1151 1049 1370 1103 timebat,

92 1116 242 1163 Unius
269 1117 313 1162 in
334 1117 492 1164 miseri
516 1117 708 1170 exitium
736 1132 961 1162 conversa
981 1115 1144 1161 tulere.
1319 1122 1405 1164 131

89 1186 292 1246 Jamque
317 1185 417 1230 dies
443 1184 636 1231 infanda
656 1184 846 1236 aderat;
875 1183 988 1229 mihi
1013 1199 1146 1229 sacra
1172 1183 1344 1245 parari,

89 1252 149 1298 Et
170 1251 303 1296 salsae
329 1250 504 1314 fruges,
532 1261 576 1298 et
602 1251 781 1298 circum
809 1259 1024 1311 tempora
1051 1250 1202 1296 vittae.

91 1317 258 1379 Eripui
283 1317 475 1377 (fateor)
499 1319 595 1365 leto
618 1335 706 1374 me,
731 1326 776 1363 et
801 1316 991 1363 vincula
1017 1316 1123 1378 rupi
1147 1334 1158 1371 ;

92 1385 377 1447 Limosoque
398 1386 510 1432 ‘lacu
531 1402 615 1447 per
641 1393 826 1431 noctem
854 1385 1089 1430 obscurus
1115 1384 1159 1429 in
1190 1382 1294 1428 ulva

92 1451 286 1507 Delitui,
313 1451 426 1498 dum
455 1453 557 1500 vela
577 1452 758 1508 darent,
787 1451 822 1497 si
849 1450 970 1497 forte
997 1450 1259 1498 dedissent.

91 1519 191 1565 Nec
218 1519 328 1564 mihi
346 1518 449 1579 jam
476 1519 675 1581 patriam
693 1520 936 1580 antiquam
959 1534 1069 1580 spes
1093 1517 1184 1563 ulla
1201 1515 1391 1564 videndi

90 1586 194 1632 Nec
222 1583 388 1632 dulces
416 1596 551 1633 natos
575 1593 950 1647 exoptatumque
977 1593 1254 1646 parentenu

90 1653 228 1706 Quos
256 1651 319 1697 illi
347 1652 440 1699 fors
464 1653 522 1699 ad
552 1668 714 1714 peenas
736 1652 797 1697 ob
826 1659 986 1698 nostra
1012 1658 1265 1712 reposcent

91 1718 292 1783 Effugia,
312 1729 360 1767 et
376 1720 567 1782 culpam
590 1720 711 1766 hanc
729 1719 1006 1765 miserorum
1027 1726 1176 1764 morte
1191 1716 1410 1779 piabunt.

91 1789 233 1840 Quod
260 1795 322 1842 te,
348 1803 431 1848 per
452 1803 652 1849 superos
670 1795 715 1832 et
736 1784 930 1831 conscia
948 1787 1138 1831 numina
1160 1783 1285 1837 vem
1322 1792 1406 1830 141

95 1854 196 1910 Per,
223 1855 260 1900 si
286 1871 379 1917 qua
406 1862 493 1908 est,
521 1869 629 1915 quae
656 1862 800 1898 restet
829 1851 986 1897 adhuc
1014 1850 1294 1897 mortalibus
1339 1865 1414 1894 us-

94 1921 378 1968 intemerata
403 1919 542 1976 fides,
568 1936 680 1973 oro;
709 1920 925 1964 miserere
951 1918 1164 1964 laborum
1246 1918 1410 1979 [quam

90 1987 375 2044 Tantorum,
399 1988 619 2034 miserere
644 1985 787 2032 animi
815 2000 907 2030 non
930 1983 1071 2047 digna
1097 1985 1305 2030 ferentis.

159 2057 242 2102 His
270 2054 487 2118 lacrymis
513 2054 655 2101 vitani
681 2053 863 2107 damus,
890 2060 938 2098 et
960 2051 1304 2098 miserescimus
1347 2050 1415 2095 ul·

97 2123 202 2184 lpse
228 2124 323 2169 viro
350 2122 528 2184 primus
555 2120 763 2168 manicas
788 2128 933 2180 atque
958 2129 1088 2166 arcta
1117 2118 1262 2164 levari
1298 2119 1411 2182 [tro.

95 2190 263 2237 Vincla
281 2191 423 2251 jubet
451 2190 694 2239 Priamus:
723 2186 962 2247 dictisque
990 2187 1052 2232 ita
1071 2186 1195 2232 fatur
1214 2186 1411 2232 amicis:

94 2256 317 2318 Quisquis
343 2274 411 2313 eS‚
437 2258 632 2302 amissos
661 2253 891 2315 hincjam
910 2253 1188 2300 obliviscere
1207 2253 1412 2306 Graios:

96 2323 271 2375 Noster
293 2323 411 2370 eris:
434 2322 645 2384 mihique
673 2322 772 2367 liaec
811 2321 1017 2368 edissere
1060 2336 1172 2366 vera
1209 2319 1413 2383 roganti.

96 2387 208 2445 Quo
249 2390 417 2436 molem
451 2391 574 2438 hanc
610 2387 827 2435 immanis
869 2388 979 2450 equi
1018 2386 1258 2434 statuere?
1312 2386 1417 2449 quis

226 2457 429 2503 auctor?
1245 2453 1381 2516 [belli
1398 2452 1418 2498 2

97 2523 289 2581 Quidve
328 2525 555 2583 petunt?
575 2539 682 2587 quae
707 2521 907 2587 religio?
935 2531 1016 2570 aut
1067 2538 1171 2585 quae
1200 2519 1417 2567 machina

674 2601 766 2650 DQ
