1607 2700
141 86 237 130 212
487 99 529 128 P.
570 98 815 130 vxnoimr
857 97 1098 129 MARoms

140 216 566 271 Quid‘memorem
601 214 836 266 Alciden?
871 222 919 261 et
941 214 1005 262 mi
1041 230 1192 277 genus
1229 216 1287 263 ab
1321 218 1445 266 Jove

202 281 401 329 Talibus
418 283 584 328 orabat
600 281 758 339 dictis,
778 297 980 344 arasque
995 282 1204 329 tenebat.
1217 284 1445 346 [summo.

140 349 275 395 Tunc
301 348 370 395 sic
389 363 497 395 orsa
520 349 651 411 loqui
676 357 835 395 vates:
863 349 976 395 Sate
997 347 1228 411 sanguine
1248 350 1444 409 Divum,

140 416 260 462 Tros
286 415 596 470 Anchisiade,
624 414 777 461 facilis
804 415 1067 461 descensus
1094 416 1310 472 Averno;

140 483 321 529 Noctes
348 491 490 545 atque
516 482 617 528 dies
643 489 779 544 patet
803 480 891 527 atri
909 480 1058 543 janua
1083 482 1232 537 Ditis;
1325 486 1444 547 [ras‚
1473 506 1476 507 ⁷

141 549 236 596 Sed
256 565 479 596 revocare
500 547 720 611 gradum,
748 563 1041 611 superasque
1061 549 1262 600 evadere
1281 551 1342 599 ad
1361 567 1445 598 au-

141 617 248 663 Hoc
266 632 404 679 opus,
422 615 500 660 hic
519 614 654 661 labor
671 623 758 661 est.
802 614 971 668 Pauci,
988 630 1109 676 quos
1129 632 1295 679 aequus
1315 634 1445 666 ama-

139 683 342 746 Jupiter,
371 691 454 728 aut
475 681 649 727 ardens
670 680 828 728 evexit
848 680 910 726 ad
935 680 1116 726 aethera
1138 682 1306 742 virtus,
1356 685 1447 748 [vit

141 749 229 796 Dis
251 747 417 811 geniti,
444 758 664 821 potuere.
732 748 916 794 Tenent
937 746 1096 793 media
1114 749 1274 796 omnia
1295 751 1445 809 silvae,

141 818 452 878 Cocytusque
476 814 585 861 sinu
604 814 772 860 labens
794 813 1109 862 circumvenit
1128 822 1248 862 atro.
1354 790 1446 864 132'

141 881 284 937 Quod
312 882 351 928 si
372 890 537 928 tantus
560 897 692 928 amor
713 881 877 937 menti,
906 880 945 927 si
965 889 1100 927 tanta
1119 881 1297 943 cupido
1317 892 1407 942 est,

139 949 224 995 Bis
248 949 443 1012 Stygios
466 948 630 995 innare
650 948 804 1013 lacus,
828 949 903 994 bis
923 947 1060 1010 nigra
1078 947 1242 995 videre

140 1017 366 1068 Tartar33
397 1024 444 1061 et
463 1015 631 1062 insano
645 1016 784 1078 juvat
804 1015 1054 1077 indulgere
1074 1015 1250 1069 labori3

140 1083 319 1145 Accipe
341 1099 450 1145 quae
470 1083 748 1146 peragenda
767 1083 914 1145 prius.
953 1083 1092 1128 Latet
1112 1083 1278 1128 arbore
1296 1080 1450 1146 opacfit

140 1150 329 1196 Aureus
357 1157 404 1195 et
429 1149 554 1195 foliis
582 1158 630 1195 et
653 1149 783 1196 lento
807 1149 980 1195 vimine
1000 1164 1178 1204 ramus,

141 1216 324 1263 Junoni
348 1215 543 1262 infernae
566 1215 724 1262 dictus
747 1231 904 1262 sacer:
938 1213 1067 1261 hunc
1086 1215 1207 1277 tegit
1228 1215 1382 1262 omnis

141 1283 320 1340 Lucus,
345 1291 394 1329 et
419 1282 636 1329 obscuris
665 1282 897 1329 claudunt
922 1281 1224 1329 convallibus
1249 1283 1447 1329 umbrae.

143 1349 242 1396 Sed
266 1365 361 1395 non
387 1349 497 1395 ante
521 1350 662 1397 datur
681 1349 865 1395 telluris
888 1362 1055 1412 operta
1075 1348 1251 1406 subire,
1357 1351 1452 1398 140

142 1416 426 1464 Auricomos
447 1418 592 1478 quem
612 1416 718 1479 quis
742 1415 1038 1480 decerpserit
1061 1417 1226 1462 arbore
1247 1414 1408 1462 foetus.

145 1485 256 1530 Hoc
279 1483 369 1529 sibi
388 1482 590 1547 pulchra
616 1499 755 1529 suum
775 1482 883 1530 ferri
904 1483 1194 1544 Proserpina
1212 1498 1385 1529 munus

143 1549 375 1597 Instituit.
443 1550 605 1596 Primo
626 1549 792 1595 avulso
817 1566 915 1596 non
940 1549 1103 1596 deficit
1128 1549 1248 1595 alter

147 1618 360 1670 Aureus;
390 1623 438 1662 et
462 1616 603 1663 simili
627 1616 894 1663 frondescit
918 1616 1053 1678 virga
1076 1616 1288 1663 metallo.

144 1682 273 1747 Ergo
300 1682 395 1730 alte
420 1684 606 1746 vestiga
631 1683 800 1740 oculis,
828 1691 876 1729 et
899 1681 1002 1740 rite,
1029 1692 1289 1744 repertum,

146 1751 302 1813 Carpe
317 1766 488 1797 manu:
505 1766 712 1812 namque
728 1749 830 1813 ipse
841 1747 1006 1796 volens
1020 1749 1270 1811 facilisque
1284 1765 1452 1812 seque-

147 1818 198 1863 Si
216 1826 263 1864 te
284 1816 385 1864 fata
403 1825 601 1871 vocant;
630 1816 782 1873 aliter,
809 1832 906 1882 non
924 1815 1103 1862 viribus
1130 1815 1241 1862 ullis
1335 1818 1451 1879 [tur,

144 1884 368 1941 Vincere,
393 1900 482 1930 nec
507 1884 627 1931 duro
651 1883 827 1947 poteris
856 1882 1126 1930 convellere
1151 1882 1290 1930 ferro.

147 1952 389 1998 Praeterea
399 1950 532 2014 jacet
550 1950 822 1998 exanimum
841 1950 928 1996 tibi
948 1965 1120 2013 corpus
1148 1949 1306 2006 amici,
1361 1952 1454 1998 149

145 2019 272 2079 (Heu
300 2018 489 2080 nescis)
516 2026 763 2081 totamque
782 2017 990 2064 incestat
1006 2016 1170 2064 funere
1189 2016 1419 2071 classem;

146 2085 278 2131 Dum
303 2085 526 2132 consulta
549 2085 692 2148 petis,
718 2093 975 2147 nostroque
1001 2083 1048 2129 in
1069 2083 1230 2130 limine
1251 2085 1453 2146 pendes.

150 2152 358 2198 Sedibus
384 2152 513 2198 hunc
537 2151 659 2198 refer
685 2152 794 2198 ante
822 2151 937 2209 suis,
964 2158 1012 2198 et
1035 2151 1191 2197 conde
1215 2151 1453 2213 sepulcro.

147 2218 258 2265 Duc
282 2217 445 2281 nigras
472 2218 710 2281 pecudes·
739 2235 798 2265 ea
816 2218 970 2282 prima
987 2217 1182 2280 piacula
1203 2227 1362 2267 sunto.

149 2285 231 2332 Sic
257 2283 452 2331 demum
470 2285 607 2332 lucos
629 2286 714 2349 Sty
720 2285 842 2349 gios,
869 2300 1017 2348 regna
1041 2283 1167 2330 invia
1184 2285 1322 2343 vivis,

149 2350 387 2415 Aspicies.
459 2352 610 2409 Dixit,
638 2368 903 2417 pressoque
928 2351 1092 2397 obmu
1080 2351 1166 2398 uit
1191 2367 1290 2398 ore.

217 2420 394 2466 AEneas
420 2427 591 2466 moesto
619 2418 805 2466 defixus
832 2418 1013 2466 lumina
1037 2417 1172 2464 vultu

152 2485 441 2551 Ingreditur,
466 2485 686 2550 linquens
708 2495 919 2541 antrum;
941 2499 1193 2548 caecosque
1215 2484 1399 2532 volutat
