1586 2704
515 83 600 117 AEN
617 82 781 116 Eluos
823 80 931 112 LlB.
971 79 1051 110 IX.
1335 79 1429 120 303

141 199 337 255 Dividit,
364 198 682 260 impubesque
706 197 898 243 immani
924 200 1116 245 vulnere
1135 198 1295 244 malas·
1336 204 1426 252 751

135 266 201 309 Γιι
233 281 407 318 sonus;
445 264 625 325 ingenti
650 279 883 309 concussa
909 271 980 309 est
1005 265 1216 325 pondere
1242 264 1411 310 tellus:

133 331 382 392 Collapsos
407 341 535 374 artus
561 339 704 390 atque
730 345 858 374 arma
884 337 1079 375 cruenta
1104 331 1302 377 cerebro

134 397 308 442 Sternit
337 395 464 441 humi
492 395 723 442 moriens:
761 404 906 457 atque
932 395 996 440 illi
1020 396 1240 457 partibus
1267 395 1418 458 aequis

133 462 242 507 Huc
270 471 416 521 caput
440 473 584 522 atque
603 461 713 507 illuc
732 462 927 507 humero
946 478 1002 508 ex
1030 470 1230 522 utroque
1255 477 1435 523 pepen-

134 527 402 588 Diffngiunt
428 527 544 572 versi
571 528 757 588 trepida
785 527 1037 574 formidine
1062 527 1232 574 Troes,
1325 528 1435 589 [dit.

133 594 194 654 Et
219 594 255 638 si
275 593 504 639 continuo
530 593 757 639 victorem
785 609 838 640 ea
865 609 977 640 cura
1001 593 1230 648 subisset,
1336 595 1432 657 [tis‚

131 659 370 721 Rumpere
391 659 597 705 claustra
617 676 771 716 manu,
790 660 1042 721 sociosque
1061 659 1312 706 immittere
1324 676 1436 722 por-

131 725 338 771 Ultimns
363 725 442 772 ille
466 725 567 772 dies
595 725 721 771 bello
747 726 973 786 gentique
999 725 1167 772 suisset

131 791 227 837 Sed
257 791 386 837 furor
409 792 651 838 ardentem
680 792 1105 852 caedisqueinsana
1124 789 1306 854 cupido
1342 788 1441 845 760

132 858 241 919 Egit
267 856 311 903 in
338 857 578 904 adversos,

198 923 439 985 Principio
464 923 717 980 Phalarim,
744 932 791 969 et
831 923 1018 969 succiso
1043 923 1226 997 poplite
1264 923 1438 984 Gygen

132 990 360 1051 Excipit3
401 990 510 1035 hinc
544 998 704 1050 raptas
730 990 1024 1049 fugientibus
1050 989 1223 1063 ingerit
1249 988 1409 1034 hastas

131 1056 185 1101 In
209 1063 426 1111 ternum:
460 1057 587 1102 Juno
608 1056 728 1101 vires
753 1057 1060 1115 animumque
1087 1054 1340 1101 ministrat.

131 1121 284 1168 Addit
309 1122 465 1183 Hal-sn
493 1121 737 1178 comitem,
756 1132 804 1168 et
827 1121 1016 1168 confixa
1033 1122 1223 1184 Phegea
1241 1119 1440 1183 parma·
1426 1157 1441 1175 ,

132 1185 332 1248 Ignaros
356 1187 572 1235 deinde
563 1204 605 1233 m
633 1190 793 1245 muris,
822 1190 1122 1248 Martemque
1147 1188 1344 1242 cientes,

132 1254 524 1315 Alcandrumque
561 1253 854 1316 Haliumque
897 1255 1238 1315 Noemonaque
1272 1254 1443 1316 Pryta-

263 1323 457 1381 nimque
480 1337 492 1374 ;

135 1384 326 1447 Lyncea
350 1387 627 1432 tendentem
654 1383 840 1444 contra,
868 1386 1120 1448 sociosque
1146 1392 1419 1443 vocantem,

133 1452 352 1498 Vibranti
377 1452 537 1514 gladio
563 1452 799 1498 connixus
826 1451 886 1496 ab
912 1469 1083 1514 agoere
1107 1451 1273 1500 dexter

138 1518 394 1580 Occupat;
434 1518 541 1564 huic
574 1534 669 1564 uno
696 1493 968 1578 dejectum0
971 1519 1185 1566 cominus
1210 1520 1310 1565 ictu
1346 1525 1444 1574 770

137 1581 255 1630 Cum
283 1584 419 1645 galea
445 1584 584 1644 longe
603 1583 763 1644 jacuit
788 1593 965 1645 caput:
1004 1584 1115 1632 inde
1140 1585 1345 1632 ferarum

135 1651 436 1696 vastatorem
467 1654 721 1713 Amycum,
748 1666 846 1712 quo
872 1666 966 1696 non
994 1650 1178 1698 felicior
1207 1652 1325 1698 alter

136 1717 325 1778 Ungere
351 1717 445 1762 tela
470 1732 613 1762 manu
637 1715 911 1776 ferrumque
937 1733 1122 1763 armare
1143 1734 1326 1764 veneno
1348 1733 1360 1763 ε

136 1783 198 1828 Et
221 1782 430 1845 Clytium
458 1783 695 1840 AEoliden‚
719 1790 768 1828 et
789 1783 995 1829 amicum
1023 1783 1227 1831 Crethea
1253 1783 1408 1830 Musis
1431 1801 1444 1838 ;

138 1850 342 1896 Crethea
370 1851 615 1895 Musarum
643 1849 867 1895 comitem
890 1867 901 1904 ;
931 1849 1006 1895 cui
1028 1850 1236 1895 carmina
1257 1866 1446 1911 semper

138 1916 196 1962 Et
222 1915 419 1962 citharae
446 1915 600 1971 cordi,
619 1930 938 1976 numerosque
959 1915 1204 1962 intendere
1230 1917 1410 1961 nervis:

138 1983 339 2043 Semper
361 1998 511 2043 equos
527 1989 671 2041 atque
687 1996 818 2026 arma
839 1981 987 2028 virum
1008 1997 1284 2044 pugnasque
1305 1998 1446 2028 cane-

202 2047 416 2094 Tandem
444 2047 687 2104 ductores,
712 2047 875 2093 audita
902 2048 1036 2094 caede
1063 2065 1275 2105 suorum,
1322 2049 1446 2111 [bat.

141 2113 444 2160 Conveniunt
457 2114 652 2170 Teucri,
676 2114 958 2160 Mnestheus
975 2130 1184 2175 acerque
1204 2117 1442 2171 Serestus;

141 2179 460 2241 Palantesqne
488 2180 647 2226 vident
674 2180 847 2236 socios,
875 2181 1153 2242 hostemque
1180 2189 1448 2242 receptum.

142 2246 203 2292 Et
218 2246 530 2293 Mnestheus:
558 2245 655 2308 quo
672 2245 844 2293 deinde
869 2246 1066 2308 fugam?
1094 2247 1191 2308 quo
1214 2249 1407 2294 tenditis
1428 2250 1448 2295 ἰ

270 2312 439 2373 iuquit.
1352 2321 1443 2367 781

143 2377 277 2430 Quos
304 2379 420 2425 alios
445 2395 622 2436 muros,
645 2378 868 2440 quaejam
896 2379 1017 2425 ultra
1038 2381 1209 2427 moenia
1233 2380 1448 2426 habetis?

146 2443 279 2490 Unus
307 2444 467 2503 homo,
493 2445 678 2502 vestm,
703 2461 731 2490 ο
751 2445 894 2502 cives,
923 2445 1135 2508 undique
1152 2455 1318 2507 septus
