1580 2686
162 3 224 51 60
493 18 543 52 Ρ.
578 16 827 52 VIRGILII
866 17 1133 51 MARoms

163 112 384 159 Bacchus
407 116 455 158 et
473 110 531 158 ad
553 111 742 174 culpam
767 127 934 158 causas
952 110 1088 158 dedit
1108 126 1120 157 ζ
1162 109 1236 156 ille
1257 109 1463 156 furentes

165 180 432 226 Centauros
448 177 544 224 leto
560 177 762 235 domuit,
784 178 1124 239 Rhoetumque,
1143 176 1461 237 Pholumque,

165 247 227 292 Et
252 260 425 305 magno
445 245 666 306 Hylaeum
688 244 903 306 Lapithis
922 251 1102 291 cratere
1123 243 1396 289 minantem.

230 312 275 358 Ο
301 311 561 358 fortunatos
578 310 789 370 nimium,
806 310 937 356 suasi
965 311 1089 356 bona
1114 309 1287 364 norint,

165 377 442 439 Agricolas!
470 377 643 439 quibus
663 376 784 439 ipsa,
803 377 972 437 procul
991 375 1286 423 discordibus
1303 373 1462 430 armis,

167 443 342 490 Fundit
360 443 503 490 humo
521 442 706 489 facilem
725 444 901 488 victum
915 443 1177 504 justissima
1195 442 1347 488 tellus.
1368 439 1464 487 460

167 510 327 556 Sinon
347 510 579 571 ingentem
601 509 779 554 foribus
798 508 970 555 domus
990 510 1084 555 alta
1112 509 1333 570 superbis

167 577 314 623 Mane
340 576 628 622 salutantum
655 575 768 620 totis
789 575 937 621 vomit
955 575 1136 636 aedibus
1162 575 1333 621 undam
1355 592 1368 630 ;

167 642 271 688 Nec
297 642 448 688 varios
474 641 656 687 inhiant
675 641 877 702 pulchra
902 642 1140 687 testudine
1165 651 1346 702 postes,

166 708 432 770 Illusasque
453 724 569 754 auro
590 716 758 761 vestes,
783 707 1119 770 Ephyreiaque
1135 723 1258 760 aera;

168 775 293 821 Alba
317 790 474 836 neque
499 774 697 836 Assyrio
723 773 913 819 fucatur
930 774 1038 820 lana
1058 790 1253 828 veneno,

169 842 274 887 Nec
296 840 426 887 casia
442 840 612 902 liquidi
638 840 957 902 corrumpitur
978 857 1092 886 usus
1113 840 1219 886 olivi
1242 857 1255 895 ;

152 906 234 954 'At
259 923 424 954 secura
450 907 598 981 quies,-
621 914 667 952 et
687 906 846 952 nescia
866 906 1025 953 fallere
1049 907 1160 963 vita,

169 974 316 1020 Dives
337 990 484 1035 opum
505 973 751 1029 variarum,
779 981 829 1018 at
851 973 954 1018 latis
974 973 1070 1019 otia
1094 972 1272 1025 fundis,

170 1040 436 1102 Speluncae,
459 1040 648 1100 vivique
672 1038 830 1094 lacus;
870 1047 919 1086 at
941 1038 1109 1101 frigida
1127 1041 1324 1100 Tempe,

169 1106 486 1169 Mugitusque
506 1107 666 1171 bourn,
684 1106 947 1168 mollesque
968 1092 1057 1152 sub
1075 1107 1242 1153 arbore
1263 1103 1415 1150 somni

169 1173 278 1220 Non
294 1174 488 1220 absunt.
539 1173 642 1218 lllic
661 1173 824 1228 saltus,
854 1188 909 1218 ac
930 1171 1073 1219 lustra
1099 1172 1465 1226 ferarun1,47l

168 1240 228 1286 Et
246 1238 436 1301 patiens
462 1255 660 1302 operum
679 1254 922 1300 parvoque
943 1238 1387 1299 assuetajuventus,

169 1307 312 1352 Sacra
328 1305 504 1361 Deum,
528 1305 779 1366 sanctique
796 1315 969 1366 patres.
1019 1306 1242 1351 Extrema
1266 1319 1352 1366 per
1371 1303 1473 1349 illos

173 1371 365 1420 Iustitia
390 1371 626 1418 excedens
649 1371 789 1417 terris
811 1371 1008 1433 vestigia
1028 1371 1161 1418 fecit.

234 1440 319 1486 Me
340 1438 450 1485 vero
472 1437 677 1500 primum
703 1435 869 1483 dulces
886 1446 994 1484 ante
1014 1439 1173 1484 omnia
1196 1437 1373 1491 Musae,

168 1506 389 1560 Quarum
415 1520 550 1550 sacra
572 1505 686 1560 fero,
710 1502 893 1565 ingenti
909 1504 1154 1565 perculsus
1179 1519 1357 1558 amore,

169 1571 458 1633 Accipiant;
486 1569 688 1629 coelique
710 1569 808 1615 vias
834 1577 881 1615 et
903 1569 1055 1616 sidera
1081 1579 1361 1625 monstrent,

166 1637 396 1684 Defectus
421 1637 541 1684 Solis
568 1637 739 1691 varios,
763 1637 1010 1695 Luuaeque
1034 1635 1255 1692 labores;

167 1704 308 1751 Unde
328 1712 506 1750 tremor
523 1703 658 1749 terris
676 1719 687 1756 ;
727 1704 821 1763 qua
836 1703 881 1749 vi
896 1704 1043 1749 maria
1062 1704 1156 1749 alta
1181 1712 1450 1752 tumescant

167 1770 427 1831 Objicibus
446 1770 617 1832 ruptis,
630 1784 883 1831 rursusque
900 1768 946 1814 in
965 1769 1121 1832 seipsa
1135 1769 1361 1826 residant3
1381 1779 1477 1819 450

171 1837 300 1889 Quid
323 1845 511 1883 tantum
534 1837 732 1882 Oceano
753 1844 1008 1898 properent
1024 1851 1073 1882 se
1096 1836 1276 1897 tingere
1299 1855 1420 1883 sozes

170 1903 388 1966 Hyberni
409 1919 422 1957 ;
461 1902 535 1948 vel
553 1918 662 1964 quae
683 1900 835 1948 tardis
853 1918 982 1948 mora
999 1902 1222 1949 noctibus
1248 1905 1427 1952 obstet.

170 1970 270 2025 Sin,
291 1969 374 2015 has
394 1985 450 2015 ne
468 1969 644 2031 possim
670 1976 849 2016 naturae
870 1968 1098 2015 accedere
1119 1978 1296 2032 partes,

171 2035 389 2097 Frigidus
410 2035 650 2082 obstiterit
667 2035 847 2081 circum
868 2034 1134 2097 praecordia
1154 2037 1346 2098 sanguis
1365 2054 1377 2090 ;

170 2103 297 2148 Rura
323 2101 439 2147 mihi
465 2110 512 2147 et
532 2100 649 2161 rigui
673 2101 896 2162 placeant
914 2102 960 2148 in
986 2101 1186 2148 vallibus
1213 2119 1394 2160 amnes,

171 2167 390 2215 flumina
408 2183 558 2212 ameni
578 2167 813 2229 silvasque
842 2168 1082 2231 inglorius.
1119 2169 1164 2214 O
1191 2168 1275 2215 ubi
1301 2169 1477 2231 campi,

171 2233 557 2296 Spercheusque,
575 2242 623 2280 et
641 2234 898 2294 virginibus
924 2235 1158 2282 bacchata
1179 2236 1394 2282 Lacaenis

169 2302 390 2363 Taygeta
410 2299 420 2345 !
459 2316 488 2344 o
514 2299 595 2360 qui
615 2316 686 2345 me
708 2301 875 2362 gelidis
895 2301 940 2347 in
961 2301 1160 2348 vallibus
1182 2302 1339 2348 Haemi

171 2367 329 2422 sistat,
357 2373 405 2413 et
421 2365 598 2427 ingenti
624 2382 861 2414 ramorum
886 2375 1110 2432 protegat
1124 2368 1292 2415 umbra
1314 2370 1325 2416 !

167 2452 205 2513 4
240 2433 391 2489 Felix,
410 2435 491 2494 qui
512 2432 667 2494 potuit
686 2450 834 2480 rerum
852 2451 1134 2498 cognoscere
1149 2451 1329 2493 causas,
1379 2442 1475 2491 490
