1607 2700
517 58 779 94 AEnssioos
818 58 928 91 mn.
970 57 1094 92 viix.
1378 49 1470 97 275

152 185 308 237 Quem
326 197 488 228 casum
506 185 731 242 portenta
746 177 925 231 ferant;
943 194 1030 233 eoo
1052 193 1224 240 poscor
1241 176 1471 239 Olympo.

154 250 262 296 Hoc
288 249 474 322 signum
498 245 670 293 cecinit
694 244 941 291 missuram
969 235 1091 290 Diva
1117 244 1339 300 creatrix,

154 315 203 362 Si
231 314 407 361 beilum
430 313 694 374 ingrueret;
722 310 1051 372 Vulcaniaque
1076 326 1202 356 arma
1227 327 1314 374 per
1337 327 1474 357 auras

153 381 374 428 Laturam
399 379 595 426 auxilio.

153 448 263 494 Heu
300 454 492 508 quantae
518 444 699 491 miseris
727 443 887 491 caedes
913 441 1228 490 Laurentibus
1266 444 1471 490 instant!

152 514 289 568 Quas
313 528 480 574 poenas
506 512 633 567 mihi,
654 511 832 567 Turne,
850 509 1011 557 dabis!
1050 508 1194 572 quam
1213 511 1358 556 multa
1384 511 1474 557 sub

285 580 437 625 undas

151 646 303 692 Scuta
321 645 492 702 viram,
517 645 790 708 galeasque,
816 652 865 690 et
901 642 1041 690 fortia
1067 658 1267 704 corpora
1292 642 1474 698 volves,

149 711 302 774 Tybri
329 713 498 773 pater!
539 720 740 774 poseant
766 711 911 766 acies,
938 719 986 756 et
1009 709 1191 756 foedera
1230 721 1472 770 rumpant.

216 779 336 824 Haec
364 779 444 825 ubi
470 779 601 825 dicta
625 778 773 834 dedit,
796 777 916 823 solio
933 794 982 823 se
1008 777 1131 822 tollit
1155 776 1214 821 ab
1231 774 1351 830 alto;
1382 782 1471 822 541

152 845 217 891 Et
236 845 441 907 primum
474 844 725 892 Herculeis
751 845 931 905 sopitas
955 843 1143 904 ignibus
1165 858 1266 888 aras

151 913 362 967 Excitat,
387 912 758 973 hesternumque
779 912 964 966 Larem,
985 925 1256 972 parvosque
1273 909 1476 954 Penates

151 978 311 1024 Laetus
332 978 465 1032 adit;
507 986 686 1024 mactat
710 978 862 1025 lectas
888 977 946 1023 de
972 992 1101 1022 inore
1124 976 1344 1022 bidentes

151 1045 398 1091 Evandrus
423 1045 614 1107 pariter,
642 1045 819 1106 pariter
843 1042 1055 1104 Trojana
1073 1042 1324 1103 juventus.

149 1111 268 1158 Pust
288 1111 398 1158 hinc
422 1111 481 1157 ad
501 1128 640 1157 naves
666 1111 898 1173 graditur,
927 1110 1182 1171 sociosque
1206 1108 1394 1155 revisit:

150 1179 367 1232 Quorum
395 1177 454 1224 de
479 1194 696 1235 numero,
715 1177 796 1240 qui
821 1194 925 1225 sese
963 1177 1007 1222 in
1036 1176 1161 1223 bella
1203 1184 1476 1238 sequautur,

150 1245 430 1292 Praestantes
455 1244 629 1293 virtute
653 1245 787 1307 legin
815 1260 924 1308 pars
951 1252 1108 1291 cetera
1132 1243 1283 1304 prona

150 1312 316 1358 fertur
338 1312 482 1372 aqua,
510 1311 763 1374 segnisque
788 1311 997 1357 secundo
1021 1309 1189 1357 defluit
1210 1309 1351 1365 amni,

150 1379 331 1425 Nuntia
359 1387 557 1424 ventura
582 1378 793 1424 Ascanio
811 1393 1064 1440 rerumque
1089 1376 1355 1439 patrisque.
1385 1381 1480 1422 550

152 1446 347 1492 Dantur
371 1444 483 1506 equi
506 1445 710 1491 Teucris
735 1445 983 1508 Tyrrhena
1008 1443 1283 1506 petentibus
1303 1457 1445 1490 arva:

157 1511 354 1558 Ducunt
381 1519 618 1558 exsortem
640 1514 816 1567 AEneae,
844 1527 985 1573 quem
1011 1510 1142 1557 fulva
1166 1509 1315 1556 leonis

155 1578 295 1624 Pellis
320 1578 423 1625 obit
448 1585 620 1635 totum,
648 1577 934 1640 praefulgens
960 1577 1198 1639 unguibus
1245 1575 1412 1622 aureis.

221 1645 364 1692 Fama
389 1644 514 1691 volat
538 1660 734 1706 parvam
759 1644 923 1691 subit&
950 1645 1145 1706 vulgata
1167 1658 1254 1706 per
1278 1643 1461 1698 urbem,

151 1710 352 1774 Οε)ὺ5
343 1727 407 1758 ire
431 1712 618 1774 equites
641 1711 874 1775 Tjrrheni
900 1711 961 1759 ad
987 1711 1148 1758 limina
1173 1710 1311 1772 regis.

154 1779 280 1825 Vota
307 1788 434 1825 metu
456 1778 709 1840 duplicant
735 1786 924 1835 matres,
952 1778 1248 1840 propiusque
1290 1775 1475 1873 perielo

156 1845 202 1892 lt
225 1845 374 1900 timor,
401 1852 449 1892 et
474 1845 627 1907 major
648 1845 854 1892 Martis
834 1861 938 1905 Jam
964 1852 1163 1907 apparet
1187 1843 1373 1905 imago

156 1911 284 1958 Tum
312 1920 447 1973 pater
479 1910 728 1958 Evandrus
752 1911 902 1958 dextr·
896 1929 967 1957 ini
1006 1881 1308 1974 complexu?
1323 1908 1480 1956 euntis

158 1979 341 2034 Haeret,
371 1979 664 2040 inexpletum
691 1979 975 2040 lacrymans,
1003 1994 1060 2026 ac
1086 1977 1199 2024 talia
1223 1976 1379 2023 fatur:

225 2045 269 2092 O
297 2045 411 2092 mihi
432 2044 887 2108 praeteritosreferat
907 2046 943 2092 si
970 2045 1160 2108 Jupiter
1185 2044 1362 2090 annos!
1388 2041 1481 2089 560

162 2112 328 2167 Qualis
340 2115 603 2168 eramssum
621 2113 816 2176 primam
830 2112 980 2159 aciem
1006 2113 1243 2158 Praeneste
1265 2111 1353 2156 sub
1379 2109 1480 2171 ips-a

162 2179 331 2236 Stravi,
356 2188 698 2241 scutorumque
720 2179 909 2225 incendi
929 2179 1082 2225 victor
1101 2194 1326 2231 acervos3

162 2246 219 2291 Et
243 2262 399 2309 regem
425 2247 511 2293 hac
535 2246 746 2292 Herilum
771 2245 940 2293 dextr-51
967 2246 1057 2292 sub
1080 2245 1281 2292 Tartara
1308 2242 1410 2290 misi
1432 2261 1442 2297 ;

165 2312 392 2360 Nascenti
418 2314 494 2360 cui
523 2322 618 2359 tres
644 2313 825 2359 animas
850 2313 1050 2359 Feronia
1075 2320 1225 2358 mater

165 2379 488 2429 (Horrendum
504 2379 660 2441 dictu)
678 2379 890 2438 dederat,
908 2389 1037 2427 terna
1057 2394 1187 2425 arma
1207 2375 1437 2424 movenda
1458 2392 1469 2428 ;

166 2447 260 2494 Ter
282 2448 377 2495 leto
413 2447 690 2495 sternendus
719 2455 851 2494 erat:
889 2447 966 2495 cui
993 2455 1108 2494 tunc
1135 2455 1293 2493 tamen
1320 2458 1482 2490 omnes
