1635 2685
78 99 104 140 8
408 105 455 138 Ρ.
494 103 741 138 vincum
784 103 1044 137 MARoms

479 217 703 259 ALEXIS.
737 215 862 257 ECL.
895 215 960 256 11.

76 307 429 380 FORMOSUM
474 339 635 392 pastor
669 331 892 392 Corydon
930 328 1127 376 ardebat
1172 327 1372 387 Alexim,

78 400 290 448 Delicias
315 397 519 452 domini3
558 414 663 453 nec,
691 397 805 459 quid
833 405 1056 458 speraret,
1085 395 1310 442 habebat.

77 465 291 514 Tantum
319 465 441 512 inter
480 464 666 518 densas,
693 463 915 509 umbrosa
956 461 1219 517 cacumina,
1244 461 1374 524 fagos

77 532 284 580 Assidue
310 530 560 578 veniebat:
598 530 663 576 ibi
689 531 789 576 haec
814 528 1058 575 incondita
1083 529 1212 574 solus

78 599 327 647 Montibus
351 605 400 644 et
423 596 550 642 silvis
569 595 955 657 studiojactabat
978 594 1124 641 inani.

147 666 191 713 O
219 663 423 711 crudelis
447 662 599 718 Alexi,
625 662 742 708 nihil
766 678 872 708 mea
897 660 1110 708 carmina
1134 662 1305 708 curas?

78 731 161 779 Nil
184 730 331 778 nostri
356 729 604 776 miserere?
626 728 744 774 mori
764 744 836 773 me
861 727 1065 789 denique
1087 744 1247 789 coges,

78 798 224 845 Nunc
247 797 390 844 etiam
414 794 624 857 pecudes
668 794 861 841 umbras
884 804 929 841 et
953 794 1124 855 frigora
1149 801 1377 856 captant:

81 866 224 911 Nunc
249 864 419 909 virides
445 862 585 907 etiam
612 862 858 908 occultant
882 860 1064 922 spineta
1089 860 1322 907 lacertos:

79 931 329 992 TheStylis
354 937 398 975 et
418 928 586 990 rapido
608 928 741 974 fessis
767 927 1053 974 messoribus
1078 934 1198 973 aestu
1321 931 1379 974 10

81 998 208 1044 Allia
231 995 585 1062 serpyllumque
616 995 784 1040 herbas
808 992 1058 1040 contundit
1083 993 1279 1040 olentes.

82 1067 144 1110 At
169 1079 352 1109 meeum
381 1061 551 1115 raucis,
574 1068 654 1107 tua
678 1061 791 1107 duni
820 1060 1014 1118 vestigia
1039 1060 1204 1114 lustro,

85 1130 198 1178 Sole
220 1131 306 1176 sub
332 1127 515 1173 ardenti
541 1137 762 1174 resonant
782 1127 974 1172 arbusta
998 1126 1193 1172 cicadis.

147 1197 321 1244 Nonne
347 1195 438 1241 fuit
463 1194 608 1240 satius
633 1195 791 1239 tristes
817 1192 1120 1255 Amaryllidis
1147 1192 1238 1237 iras

80 1266 243 1325 Atque
274 1261 481 1323 superba
504 1260 604 1322 pati
629 1259 853 1306 fastidia?
890 1275 1046 1304 noune
1071 1258 1340 1304 Menalcam
1362 1257 1381 1304 3

82 1329 312 1385 Quamvis
330 1329 413 1374 ille
438 1327 583 1388 niger,
608 1325 825 1388 quamvis
853 1333 903 1370 tu
929 1324 1157 1370 candidus
1182 1340 1322 1370 esses,

83 1398 127 1444 O
148 1397 352 1443 formose
377 1410 511 1457 puer,
540 1393 731 1438 nimium
756 1407 813 1437 ne
838 1389 980 1437 crede
1006 1391 1175 1436 colori:

81 1464 204 1510 Alba
224 1463 421 1523 ligustra
445 1459 637 1510 cadunt,
660 1457 875 1504 vaccinia
899 1456 1027 1518 nigra
1049 1456 1284 1518 leguntur.

82 1530 353 1591 Despectus
375 1526 463 1573 tibi
489 1542 610 1581 sum,
631 1541 733 1578 nec,
763 1524 843 1585 qui
868 1522 969 1577 sim,
1006 1523 1182 1584 luaeris,
1210 1519 1346 1568 Alexi
1368 1535 1381 1566 ε

82 1595 242 1650 Quam
261 1594 389 1640 dives
409 1592 593 1656 pecoris
616 1590 755 1646 nivei,
781 1587 925 1651 quam
951 1589 1088 1634 lactis
1113 1588 1382 1634 abundans·

81 1663 217 1709 Mille
243 1677 360 1707 meae
387 1658 556 1706 Siculis
580 1667 735 1703 errant
763 1657 809 1702 in
836 1655 1078 1701 montibus
1103 1670 1264 1716 agnae:
1319 1660 1379 1702 21

82 1730 179 1776 Lac
202 1727 312 1774 mihi
336 1743 428 1772 non
456 1733 622 1771 aestate
648 1739 844 1778 novum,
872 1738 962 1767 non
989 1720 1164 1781 frigore
1190 1719 1324 1766 defit.

83 1796 255 1848 Canto,
283 1809 391 1852 quae
417 1792 602 1847 solitus,
646 1790 683 1836 si
709 1787 901 1851 quando
926 1799 1133 1834 armenta
1158 1787 1381 1842 vocabat,

83 1860 321 1923 Amphion
350 1860 565 1905 Direaeus
592 1859 635 1903 in
664 1860 835 1903 Actaeo
860 1855 1149 1916 Aracyntho.

81 1928 187 1975 Nec
212 1943 317 1974 sum
338 1925 460 1972 adeo
481 1924 722 1971 informis:
751 1939 897 1982 nuper
922 1939 998 1968 me
1021 1922 1063 1967 in
1089 1921 1247 1966 littore
1270 1918 1382 1975 vidi,

83 1994 207 2042 Cum
255 1991 501 2057 placidum
547 1990 699 2037 ventis
725 1996 871 2036 staret
909 2003 1053 2034 mare.
1121 1987 1231 2033 Non
1290 2000 1381 2047 ego

216 2060 464 2122 Daphnin,

82 2124 256 2175 Judice
276 2135 337 2182 tc,
359 2134 584 2181 metuam,
611 2124 648 2171 si
668 2137 910 2184 nunquam
936 2119 1066 2166 fallat
1090 2118 1266 2180 imago.

84 2194 130 2240 O
157 2193 336 2239 tautum
365 2192 512 2238 libeat
538 2207 726 2237 mecum
749 2188 837 2236 tibi
860 2187 1052 2234 sordida
1075 2200 1199 2240 rura,

83 2261 245 2320 Atque
272 2259 471 2305 humiles
494 2258 708 2303 habitare
732 2271 884 2311 easaS,
911 2263 958 2300 ct
983 2252 1124 2314 figere
1146 2266 1313 2297 cervos

86 2325 447 2385 Haedorumque
474 2340 662 2386 gregem
689 2321 825 2368 viridi
865 2319 1146 2383 compellere
1175 2316 1385 2362 hibisco!

85 2393 282 2439 Mecum
311 2390 408 2439 una
429 2391 473 2435 in
500 2390 626 2435 silvis
650 2389 892 2434 imitabere
918 2387 1048 2433 Paua
1073 2384 1304 2430 canendo.
1324 2389 1383 2430 31

84 2458 182 2504 Pan
208 2459 384 2519 primus
409 2455 615 2502 calamos
640 2457 748 2502 cera
770 2453 1060 2515 conjungere
1087 2452 1244 2513 plures

86 2524 293 2572 Instituit
314 2541 325 2581 ;
367 2523 467 2571 Pan
493 2530 627 2569 curat
650 2537 778 2579 oves,
804 2520 1061 2583 oviumque
1086 2515 1356 2579 magistros·
