1607 2700
591 89 852 126 AENEIDOS
890 91 1001 126 Lm.
1042 91 1102 125 ιι.
1405 87 1495 137 129

189 210 506 265 Conserimus,
535 209 709 255 multos
738 209 956 256 Danaam
983 211 1276 259 demittimus
1302 212 1450 259 Orco.

188 278 454 339 Diffugiunt
473 275 551 321 alii
576 275 633 321 ad
660 292 818 332 naves,
842 285 889 323 et
913 276 1069 323 littora
1095 294 1230 325 cursu

187 344 305 391 Fida
329 350 526 405 petunt:
564 358 672 403 pars
695 342 931 405 ingentem
958 342 1210 391 formidine
1236 346 1361 406 turpi
1398 353 1495 392 400

186 410 340 456 Scand
351 418 434 455 unt
446 426 607 455 rursus
625 426 818 471 equum,
840 418 888 456 et
902 410 1012 455 nota
1031 410 1358 458 condunturin
1370 413 1493 459 alvo·

184 477 308 532 Heu,
329 476 444 522 nihil
466 475 622 522 invitis
648 475 717 522 fas
740 493 1006 538 quenquam
1033 475 1178 523 fidere
1205 479 1360 525 Divis!

173 548 230 594 :ng-⁷
251 544 377 589 Ecce
403 543 682 589 trahebatur
708 543 854 603 passis
882 543 1112 590 Priameia
1133 544 1264 606 virgo

184 609 409 655 Crinibus
433 625 460 655 a
480 610 658 671 templo
681 609 947 658 Cassandra
969 610 1220 673 adytisque
1246 610 1493 667 Minervae,

182 676 258 723 Ad
285 677 456 723 coelum
483 676 680 722 tendens
707 676 919 722 ardentia
944 677 1123 722 lumina
1149 676 1351 722 frustra:

182 742 400 799 Lumina,
428 759 534 789 narn
562 751 746 791 teneras
770 743 1003 790 arcebant
1028 744 1215 790 vincula
1241 744 1440 805 palmas.

181 808 294 856 Non
319 809 430 856 tulit
454 810 578 856 hanc
605 810 809 872 speciem
836 809 1010 856 furiata
1036 818 1192 857 mente
1219 811 1471 866 CoroebuS,

182 875 244 921 Et
269 892 371 922 sese
398 877 605 923 medium
632 877 795 939 injecit
816 877 1066 923 moriturus
1089 878 1134 922 in
1161 893 1346 938 agmen.

184 942 538 1004 Consequimur
561 944 742 999 cuncti,
765 951 812 990 et
837 943 997 990 densis
1023 943 1307 990 incurrimus
1332 943 1491 990 armis.
1519 965 1575 979 «-

183 1009 276 1055 Hic
300 1009 506 1071 primum
531 1026 587 1055 ex
612 1010 708 1056 alto
733 1010 918 1058 delubri
945 1010 1149 1057 culmine
1171 1011 1272 1057 telis
1397 1017 1494 1058 410

181 1075 468 1124 Nostrorum
486 1076 749 1133 obruimur,
772 1077 1018 1138 oriturque
1037 1077 1293 1123 miserrima
1315 1077 1491 1136 caedes,

181 1144 433 1190 Armorum
460 1143 598 1200 facie,
637 1152 684 1191 et
709 1143 963 1191 Graiarum
984 1161 1143 1191 errore
1160 1144 1408 1206 jubarum.

179 1208 305 1254 Tum
332 1210 490 1256 Danai
514 1211 709 1272 gemitu,
737 1219 881 1272 atque
905 1220 1081 1272 ereptae
1109 1211 1298 1273 virginis
1323 1211 1409 1267 ira,

179 1275 408 1338 Undique
433 1277 622 1323 collecti
647 1277 905 1323 invadunt:
944 1277 1199 1324 acerrimus
1221 1277 1364 1338 Ajax,

182 1341 243 1388 Et
270 1342 440 1404 gemini
467 1343 664 1400 Atridae,
693 1344 1035 1406 Dolopumque
1061 1345 1298 1391 exercitus
1320 1344 1491 1391 omnis.

181 1407 387 1455 Adversi
413 1418 553 1471 rupto
579 1426 664 1456 ceu
691 1411 931 1472 quondam
960 1411 1144 1457 turbine
1170 1410 1294 1456 venti

181 1474 470 1536 Confligunt‚
490 1477 852 1538 Zephyrusque,
871 1477 1139 1538 Notusque,
1158 1486 1207 1524 et
1221 1477 1358 1523 laetus
1381 1475 1492 1523 Eois

180 1541 332 1588 Eurus
355 1542 519 1604 equis:
568 1543 774 1589 stridunt
800 1543 948 1598 silvae,
976 1544 1206 1606 saevitque
1233 1543 1426 1590 tridenti

181 1607 434 1668 Spumeus,
462 1616 605 1671 atque
631 1610 724 1654 imo
751 1609 933 1655 Nereus
955 1609 1049 1656 ciet
1076 1626 1271 1672 aequora
1290 1609 1455 1656 fundo.

176 1672 253 1719 Illi
276 1675 435 1730 etiam,
464 1675 500 1721 si
526 1691 646 1737 quos
672 1675 880 1722 obscura
904 1684 1043 1723 nocte
1060 1693 1145 1739 per
1163 1677 1373 1723 umbram
1395 1682 1491 1725 420

178 1740 406 1787 Fudimus
431 1741 625 1798 insidiis,
653 1743 852 1805 totaque
878 1743 1157 1804 agitavimus
1179 1743 1310 1799 urbe,

177 1809 452 1869 Apparent:
491 1808 631 1870 primi
657 1809 854 1872 clypeos
880 1810 1170 1871 mentitaque
1200 1810 1295 1856 tela

177 1874 473 1935 Agnoscunt,
501 1885 643 1938 atque
668 1892 751 1921 ora
774 1893 890 1922 sono
915 1876 1156 1923 discordia
1182 1876 1388 1938 signant.

179 1939 318 1988 llicet
343 1941 590 1987 obruimur
610 1959 822 1998 numero,
850 1944 1128 2006 primusque
1156 1943 1389 1989 Coroebus

176 2005 366 2054 Penelei
391 2007 556 2054 dextra
584 2009 718 2055 Diva>
743 2009 1074 2071 armipotentis
1100 2009 1158 2056 ad
1188 2026 1317 2055 aram

177 2071 481 2121 Procumbit:
509 2075 637 2122 cadit
656 2083 701 2122 et
727 2076 957 2138 Rhipeus,
978 2076 1277 2135 justissimus
1305 2093 1422 2122 unus

178 2140 272 2194 Qui
292 2140 380 2187 fuit
406 2142 450 2188 in
476 2142 693 2196 Teuc1·i3‚
720 2154 766 2189 et
788 2143 1175 2189 servantissimus
1197 2143 1352 2203 aequi;

179 2205 270 2252 Dis
283 2208 421 2254 aliter
434 2209 601 2255 visum.
629 2209 1177 2272 PereuntHypanisque,
1194 2212 1485 2272 Dymasque,

179 2272 369 2320 Confixi
393 2291 417 2320 a
444 2275 614 2331 sociis;
654 2293 738 2321 nec
764 2285 807 2321 te
834 2284 914 2322 tua
940 2276 1158 2338 plurima,
1201 2277 1402 2332 Panthu,

179 2338 437 2386 Labentem
464 2341 630 2403 pietas,
658 2358 745 2388 nec
772 2343 1002 2404 Apollinis
1028 2342 1174 2389 infula
1201 2343 1332 2390 texit.
1392 2349 1488 2390 430

177 2402 312 2451 ltiaci
337 2406 529 2465 cineres,
555 2418 602 2455 et
627 2408 815 2456 flamma
839 2418 1043 2456 extrema
1071 2426 1299 2465 meorum,

177 2470 366 2528 Testor,
392 2472 441 2519 in
462 2490 635 2522 occasu
661 2483 832 2526 vestro,
859 2492 948 2524 nec
976 2477 1083 2532 tela,
1111 2493 1200 2522 nec
1228 2476 1346 2522 ullas

179 2535 414 2586 Vitavisse
439 2539 567 2587 vices
594 2541 847 2599 Danaum3
888 2551 951 2601 et,
978 2543 1016 2590 si
1044 2541 1141 2590 sata
1166 2542 1355 2589 fuissent
