1607 2700
142 49 238 98 206
474 61 521 94 P.
560 58 806 93 v1RG1L11
847 54 1088 92 MARoxrs

142 181 196 227 In
222 180 373 242 regnis
399 180 490 226 hoc
515 195 627 226 ausa
653 180 758 226 tuis.

140 249 231 294 Per
255 247 410 292 scelus
430 262 557 302 ecce,
584 247 723 292 etiam
749 244 972 305 Trojanis
998 245 1230 292 matribus
1256 245 1374 292 actis

138 312 335 359 Exussit
357 311 481 359 foede
506 329 713 376 puppes,
740 322 783 358 et
810 312 958 358 classe
984 311 1169 374 subegit

138 379 326 426 Amissa
347 380 502 426 socios
526 381 699 442 ignotae
726 379 933 439 linquere
959 388 1113 425 terrae.

137 446 284 500 Quod
311 455 541 507 superest,
571 461 668 500 oro,
695 445 831 490 liceat
853 443 965 489 dare
990 453 1093 490 tuta
1117 460 1200 506 per
1227 444 1377 490 undas

136 512 254 558 Vela
272 511 373 567 tibi,
402 512 540 558 liceat
565 512 845 557 Laurentem
872 510 1104 572 attingere
1129 511 1354 573 Tybrim;

139 578 193 626 Si
216 594 442 625 concessa
467 587 594 639 peto,
623 578 661 623 si
685 575 798 622 daut
819 592 872 621 ea
898 577 1066 622 moenia
1090 577 1266 623 Parcae.

203 645 330 691 Tum
357 644 600 690 Saturnius
631 644 732 689 liaee
753 642 960 688 domitor
992 643 1132 688 maris
1165 643 1311 689 edidit
1337 642 1445 688 alti:

137 712 228 758 Fas
253 726 391 756 omne
408 718 495 766 est,
519 709 770 772 Cytherea,
792 710 900 754 meis
926 717 973 755 te
991 708 1136 755 fidere
1151 711 1323 770 regnis,
1355 717 1447 757 SOO

139 772 278 823 Unde
303 792 446 834 genus
473 776 636 830 ducis;
667 775 813 821 merui
835 790 1027 837 quoque
1049 791 1060 821 ε
1089 791 1213 837 saepe
1233 774 1414 821 furores

136 843 426 905 Compressi‚
446 853 493 889 et
510 842 684 889 rabiem
708 850 888 888 tantam
914 842 1112 904 coelique
1137 842 1393 903 marisque.

137 909 243 955 Nec
263 909 416 955 minor
432 909 477 954 in
495 908 647 963 terris,
667 908 911 954 Xanthum
929 908 1266 969 Simoentaque
1286 917 1446 963 testor,

135 975 298 1022 AEneae
319 975 432 1022 mihi
458 992 570 1022 cura
597 975 681 1021 tui.
756 975 876 1021 Cum
903 976 1050 1021 Troia
1069 975 1284 1021 Achilles

137 1042 417 1088 Exanimata
445 1058 644 1104 sequens
671 1041 950 1103 impingeret
973 1042 1162 1103 agmina
1187 1041 1348 1095 muris,

138 1109 293 1156 Miltia
317 1108 467 1154 multa
491 1108 626 1155 daret
650 1109 758 1163 leto,
782 1118 1122 1170 gemerentque
1147 1108 1319 1170 repleti

137 1177 334 1231 Amnes,
361 1192 449 1221 nec
472 1175 680 1238 reperire
706 1175 825 1220 viam
846 1183 990 1237 atque
1014 1175 1232 1222 evolvere
1252 1184 1418 1236 posset

137 1242 194 1288 In
218 1258 344 1288 mare
371 1259 418 1288 se
446 1242 696 1297 Xanthu53
725 1241 902 1287 Pelidae
921 1250 1037 1288 tunc
1063 1258 1150 1303 ego
1175 1241 1287 1287 forti

138 1309 459 1370 Congressum
485 1310 696 1363 AEneam,
722 1323 811 1353 nec
840 1306 944 1364 Dis,
971 1324 1061 1355 nec
1080 1307 1255 1353 viribus
1281 1307 1449 1368 aequis,

138 1375 284 1422 Nube
309 1376 428 1422 cava
453 1375 589 1436 rapui
612 1392 622 1422 :
650 1391 875 1437 cuperem
901 1375 1013 1421 cum
1035 1382 1213 1421 vertere
1238 1374 1298 1420 ab
1323 1374 1417 1420 imo

138 1442 335 1489 Structa
354 1441 468 1487 meis
494 1442 710 1488 manibus
737 1442 940 1504 perjurae
962 1442 1128 1488 moenia
1144 1441 1327 1502 Trojae.
1357 1447 1445 1487 811

139 1508 283 1555 Nunc
325 1524 519 1570 quoque
562 1524 692 1554 mens
729 1508 891 1555 eadem
934 1517 1118 1571 perstat
1145 1507 1255 1554 mihi
1275 1523 1285 1553 :
1324 1506 1451 1570 pelle

271 1583 488 1623 timorem
510 1593 523 1628 ;

147 1641 299 1688 Tutus
325 1658 446 1704 quos
470 1649 611 1704 optas
636 1649 802 1703 portus
828 1642 1025 1688 accedet
1043 1644 1234 1691 Averni.

147 1708 280 1755 Unus
305 1708 393 1754 erit
410 1708 609 1764 tantum,
632 1707 858 1754 amissum
875 1724 1015 1770 quem
1036 1709 1215 1770 gurgite
1237 1717 1448 1770 quaeret;

144 1774 305 1821 Unum
331 1789 420 1836 pro
446 1774 603 1820 multis
630 1774 819 1820 dabitur
843 1782 1005 1837 caput.

211 1841 296 1887 His
321 1840 403 1886 ubi
425 1840 535 1886 laeta
559 1841 676 1887 Deae
700 1842 949 1902 permulsit
974 1850 1167 1902 pectora
1191 1839 1332 1886 dictis
1354 1858 1366 1893 ;

143 1907 310 1969 Jungit
333 1923 484 1969 equos
509 1923 623 1953 auro
647 1907 844 1969 genitor,
873 1907 1239 1970 spumantiaque
1265 1905 1399 1952 addit

150 1974 320 2021 Fraena
339 1973 467 2029 feris,
487 1975 802 2035 manibusque
823 1991 985 2021 omnes
997 1973 1198 2020 effundit
1223 1973 1450 2026 habenas,

145 2041 362 2087 Coeruleo
388 2056 473 2102 per
496 2057 681 2087 summa
705 2042 819 2088 levis
846 2041 973 2088 volat
996 2057 1188 2104 aequora
1212 2056 1353 2087 curru
1373 2057 1383 2086 :

148 2107 417 2154 Subsidunt
439 2107 597 2163 undae,
611 2108 945 2171 tumidumque
960 2108 1046 2154 sub
1059 2124 1146 2154 axe
1158 2108 1339 2153 tonanti
1359 2113 1453 2154 320

148 2174 386 2220 Sternitur
396 2174 722 2236 aequoraquis;
742 2174 928 2237 fugiunt
939 2184 1075 2222 vasto
1088 2174 1262 2221 aethere
1282 2174 1451 2220 nimbi.

146 2241 273 2287 Tum
301 2240 439 2287 variae
459 2241 683 2288 comitum
705 2241 846 2289 facies
861 2261 873 2298 ;
900 2239 1123 2289 immania
1147 2253 1265 2297 cete,

147 2307 211 2354 Et
235 2307 386 2354 senior
412 2307 587 2355 Glauci
606 2310 796 2365 chorus,
814 2311 1054 2372 Inoiisque
1079 2308 1337 2364 Palaemon,

148 2374 470 2436 Tritonesque
497 2375 596 2431 citi,
621 2374 892 2439 Phorcique
917 2375 1154 2422 exercitus
1180 2375 1351 2422 omnis.

151 2441 297 2487 Laeva
319 2449 483 2488 teuent
505 2441 550 2487 Τ
557 2441 673 2488 betis
693 2451 741 2489 et
757 2443 939 2498 Melite,
958 2443 1280 2504 Panopeaque
1303 2441 1453 2504 virgo,

154 2506 342 2565 Nesaee,
369 2507 598 2571 Spioque,
620 2508 908 2574 Thaliaque,
929 2507 1321 2572 Cymodoceque.
