1602 2708
120 85 212 126 112
461 88 510 121 P.
550 87 803 123 VIRGILII
844 87 1109 124 MARONis

114 209 436 270 virtutesque,
463 210 699 270 virosque,
727 217 775 255 et
800 208 917 255 tanti
942 210 1159 255 incendia
1195 205 1347 255 belli?

114 275 227 321 Nou
252 274 428 322 obtusa
451 275 570 322 adeo
591 284 827 337 gestamus
854 285 1051 337 pectora
1079 276 1209 322 Poeni
1229 294 1240 330 ;

113 341 218 387 Nec
243 350 340 387 tam
366 358 555 388 aversus
580 358 729 403 equos
767 342 913 404 Tyria
939 342 1017 387 Sol
1035 342 1195 403 jungit
1220 342 1279 388 ab
1308 340 1439 388 urbe.

115 409 204 453 Seu
226 424 309 454 vos
333 409 613 470 Hesperiam
641 423 870 468 magnam,
900 407 1212 470 Saturniaque
1234 425 1372 460 arva;

115 474 221 520 Sive
249 474 409 536 Erycis
429 474 562 529 fines,
585 489 840 534 regemque
861 475 1037 534 optatis
1063 477 1316 527 Acestem3
1346 480 1441 528 570

112 540 306 586 Auxilio
333 550 459 587 tutos
487 540 740 594 dimittam,
768 539 1039 600 opibusque
1058 541 1260 601 juvabO.

115 607 269 653 Vultis
295 617 343 654 et
368 607 437 652 bis
462 622 648 652 mecum
676 604 853 668 pariter
879 606 1123 652 considere
1147 607 1339 669 reguis?

115 673 297 719 Urbem
320 690 461 734 quam
484 681 658 726 statuo,
688 679 839 717 vestra
863 680 960 727 est;
1000 672 1256 721 subducite
1275 688 1439 720 naves:

113 739 236 785 Tros
260 740 531 801 Tyriusque
552 737 670 784 mihi
695 737 826 783 nullo
853 738 1120 785 discrimine
1145 749 1321 802 agetur.

113 807 274 867 Atque
300 806 480 851 utinam
505 822 582 852 rex
611 805 706 865 ipse
731 804 863 850 Noto
890 806 1164 866 compulsus
1190 807 1356 852 eodem

113 872 301 919 Afforet
324 872 522 919 AEneas!
561 870 796 933 Equidem
818 887 901 933 per
924 872 1080 918 littora
1108 882 1263 919 certos

115 938 379 995 Dimittam,
407 947 454 984 et
479 938 644 1001 Libyae
670 938 869 984 lustrare
893 938 1343 999 extremajubebo;

76 1023 80 1026 ·
115 1004 165 1050 Si
191 1006 366 1067 quibus
393 1006 573 1066 ejectus
597 1004 724 1050 silvis
750 1013 831 1050 aut
857 1005 1054 1051 urbibus
1078 1015 1216 1051 errat.

182 1072 271 1118 His
295 1073 503 1118 animum
529 1071 698 1119 arrecti
724 1070 881 1126 (lictis,
908 1081 955 1118 et
977 1071 1111 1118 sortis
1133 1072 1361 1128 AcliateS,

114 1138 175 1184 Et
202 1149 336 1200 pater
360 1140 546 1194 AEneas,
564 1137 856 1198 jamdudum
882 1155 1129 1201 erumpere
1154 1138 1330 1184 nubem
1349 1145 1446 1186 580

113 1205 392 1260 Ardebant3
438 1206 567 1267 prior
591 1206 787 1251 AEneam
815 1206 1076 1267 compellat
1102 1206 1343 1251 Achates:

114 1270 242 1318 Nate
266 1273 383 1328 Dea,
412 1288 520 1333 quae
546 1288 669 1317 nunc
696 1270 853 1315 animo
879 1272 1112 1318 sententia
1132 1271 1314 1333 surgit?

115 1338 291 1385 Omnia
315 1347 420 1385 tuta
444 1338 593 1394 vides,
619 1338 838 1392 classem,
865 1337 1121 1399 sociosque
1150 1346 1390 1413 receptos.

113 1404 249 1451 Unus
275 1405 427 1461 abest,
455 1404 650 1451 medio
640 1420 686 1450 m
713 1402 860 1449 fluctu
889 1420 1030 1465 quem
1057 1403 1298 1451 vidimus
1287 1406 1378 1480 ipsi

115 1471 454 1518 submersum:
494 1471 632 1517 dictis
658 1470 953 1531 respondent
978 1479 1136 1517 cetera
1163 1473 1341 1518 matris.

112 1537 171 1579 V
160 1553 206 1583 lx
230 1555 286 1584 ea
311 1539 437 1585 fatus
462 1547 576 1593 erat,
604 1552 710 1584 cum
733 1536 1019 1583 circumfusa
1038 1538 1233 1599 repente

114 1603 301 1652 scindit
325 1621 372 1651 se
396 1605 563 1660 nubes,
589 1613 635 1650 et
661 1604 705 1648 in
733 1603 909 1649 aethera
936 1612 1109 1665 purgat
1133 1612 1368 1665 apertum.

114 1671 311 1719 Restitit
333 1673 515 1727 AEueas,
545 1669 808 1731 claraque
797 1685 841 1715 in
867 1670 971 1716 luce
997 1669 1196 1726 refulsit,

114 1739 184 1786 Os
207 1738 530 1800 humerosque
557 1739 660 1784 Deo
687 1735 847 1782 similis
875 1752 886 1783 ε
939 1752 1143 1798 namque
1169 1740 1268 1800 ipsa
1307 1737 1452 1785 deco·

179 1821 280 1853 ram

118 1872 370 1920 Caesariem
394 1880 509 1918 nato
535 1869 753 1934 genitrix,
779 1869 1034 1932 lumenque
1054 1869 1272 1932 juventae
1357 1877 1453 1929 590

113 1939 430 2002 Purpureum,
455 1947 505 1985 et
529 1939 665 1985 laetos
692 1936 844 1983 oculis
869 1936 1057 1984 afflfirat
1082 1937 1316 1988 honores:

119 2006 272 2061 Quale
298 2022 468 2053 manus
493 2003 678 2051 addunt
702 2003 834 2049 ebori
861 2003 1030 2059 decuS,
1055 2012 1138 2050 aut
1163 2005 1246 2051 ubi
1272 2003 1395 2051 flavo

117 2076 378 2132 Argentum
409 2073 633 2118 Pariusve
659 2070 776 2132 lapis
804 2070 1129 2118 circumdatur
1147 2087 1277 2118 auro.

184 2139 312 2184 Tum
338 2139 402 2185 sic
425 2138 628 2201 reginam
648 2137 926 2198 alloquitur,
953 2138 1236 2200 cunctisque
1256 2133 1451 2199 repente

117 2206 411 2267 Improvisus
436 2206 500 2251 ait
522 2222 532 2251 ε
572 2205 763 2259 Coram,
791 2219 936 2265 quem
963 2205 1189 2265 quaeritis,
1216 2204 1384 2250 adsum

116 2273 292 2318 Troius
317 2272 508 2328 AEneas,
548 2269 740 2331 Libycis
765 2280 955 2333 ereptus
979 2271 1042 2317 ab
1068 2271 1220 2317 undis.

121 2340 166 2385 O
194 2337 295 2384 sola
321 2336 539 2384 infandos
565 2336 728 2397 Trojae
756 2338 975 2384 miserata
1000 2338 1186 2384 labores
1208 2338 1218 2383 !

122 2405 247 2459 Qnae
275 2420 375 2460 nos,
403 2403 628 2466 reliquias
659 2404 894 2460 Danaum,
921 2413 1155 2464 terraeque
1182 2403 1419 2466 marisque

121 2469 360 2517 Omnibus
387 2471 646 2516 exhaustos
660 2468 764 2528 jam
792 2471 1000 2526 casibus,
1027 2470 1234 2517 oninium
1254 2485 1449 2531 egenos,

122 2537 271 2594 Urbe,
297 2537 441 2584 domo
466 2535 637 2584 socias,
674 2534 850 2583 Grates
875 2537 1144 2600 persolvere
1168 2536 1332 2600 dignas
1355 2534 1454 2583 600
