1586 2704
543 109 804 145 AENEinos
844 111 953 143 [ΑΒ.
991 110 1045 142 x.
1354 102 1453 147 307·

146 223 277 270 Bella
301 223 451 284 sequi,
479 233 559 269 aut
586 223 769 269 hostem
796 223 890 276 regi
917 240 964 268 se
984 222 1152 268 inferre
1178 220 1382 268 Latino?

146 290 334 336 ltaliam
362 289 468 335 fatis
493 289 627 350 petiit
652 289 946 342 auctoribus,
971 297 1090 343 esto,

144 355 422 402 Cassandrae
448 354 681 418 impulsus
708 354 859 400 furiis.
897 354 1025 400 Num
1052 354 1266 415 linquere
1291 362 1449 400 castra

145 422 335 468 Hortati
362 436 542 477 sumus,
570 430 652 468 aut
677 421 824 466 vitam
852 419 1152 466 committere
1178 419 1358 465 ventis?
1383 418 1447 476 69

144 487 273 533 Num
299 502 443 547 puero
467 503 702 533 summam
724 486 850 541 belli,
876 502 988 531 num
1015 485 1206 530 credere
1224 486 1416 532 muros?

141 553 489 615 Tyrrhenamve
515 552 675 609 fidem,
701 561 783 599 aut
802 560 967 614 gentes
990 551 1166 612 agitare
1192 552 1374 611 quietas
1394 553 1424 599 ’,Γ

145 618 267 672 Quis
291 619 421 665 Deus
445 618 493 664 iu
519 617 751 675 fraudem,
778 634 886 680 quae
906 617 1021 664 dura
1046 617 1260 679 potentia
1286 624 1456 664 nostra

143 685 290 747 Egit?
330 685 410 731 ubi
436 685 512 731 hic
536 685 677 741 Juno,
703 684 972 732 demissave
996 683 1204 729 nubibus
1231 683 1315 728 Iris
1338 683 1352 728 ἔ

144 750 394 808 Indignum
421 760 509 806 est,
537 751 682 798 Italos
706 750 898 812 Trojam
928 750 1206 797 circundare
1250 748 1449 796 flammis

143 816 453 873 Nascentem‚
477 825 524 863 et
551 817 705 879 patria
728 818 944 864 Turnum
970 815 1233 862 consistere
1259 815 1383 862 terra
1401 832 1420 868 ;.

144 883 234 928 Cui
258 882 499 929 Pilumnus
524 899 658 940 avus,
686 883 764 931 cui
790 883 898 929 diva
926 882 1101 927 Venilia
1132 892 1300 928 mater.

146 949 297 1004 Quid,
325 949 430 995 face
448 950 682 1011 Trojanos
707 950 809 996 atra
836 950 926 995 vim
954 948 1074 994 ferre
1103 948 1317 995 Latinis?

144 1017 270 1060 Arva
285 1015 565 1076 alienajugo
585 1032 815 1078 premere,
836 1023 978 1077 atque
992 1024 1200 1060 avertere
1223 1015 1412 1074 praedas
1429 1018 1454 1063 ’.ἶ

145 1080 293 1136 Quid,
318 1097 507 1128 soceros
534 1082 704 1142 legere,
730 1092 774 1129 et
791 1081 975 1142 gremiis
992 1082 1234 1126 abducere
1255 1084 1451 1142 pactas?

143 1146 318 1193 Pacem
344 1163 479 1194 orare
504 1164 661 1204 manu,
676 1148 918 1211 praefigere
933 1147 1180 1209 puppibus
1199 1148 1362 1194 arma?
1390 1155 1452 1196 80

142 1210 220 1259 Tu
247 1222 382 1275 potes
407 1215 602 1260 AEneam
632 1217 846 1261 manibus
870 1213 1135 1260 subducere
1163 1213 1384 1270 Graium,

142 1277 332 1341 Proque
359 1281 456 1325 viro
482 1281 704 1327 nebulam
725 1293 773 1327 et
790 1289 957 1328 ventos
979 1280 1238 1326 obtendere
1258 1282 1417 1328 inanes
1439 1299 1451 1336 ;

145 1345 207 1391 Et
223 1355 362 1407 potes
390 1346 432 1390 in
447 1345 645 1392 totidem
662 1348 859 1393 classem
879 1355 1154 1392 convertere
1172 1345 1450 1407 Nymphas:

144 1409 247 1457 Nos
265 1410 439 1474 aliquid
465 1412 667 1459 Rutulos
692 1412 1063 1474 contrajuvisse‚
1079 1410 1344 1458 nefandum
1364 1423 1454 1463 est.

144 1478 312 1524 AEueas
336 1479 521 1536 ignarus
547 1478 710 1527 abest:
750 1480 934 1541 ignarus
959 1486 1006 1525 et
1030 1479 1172 1526 absit.

145 1544 230 1589 Est
256 1544 462 1604 Paphos,
483 1543 780 1607 Idaliumque
798 1546 900 1600 tibi,
927 1553 1038 1591 sunt
1058 1544 1151 1592 alta
1177 1545 1383 1607 Cythera
1409 1564 1420 1595 :

146 1609 274 1663 Quid
299 1609 547 1671 gravidam
577 1611 714 1657 bellis
735 1612 896 1658 urbem
925 1622 971 1658 et
1004 1612 1147 1658 corda
1167 1626 1325 1672 aspera
1354 1623 1454 1660 ten-

145 1674 313 1721 Nosne
331 1675 416 1721 tibi
441 1674 594 1722 fluxas
606 1678 826 1740 Phrygiae
851 1693 922 1723 res
940 1685 1124 1724 vertere
1138 1678 1287 1724 fundo
1322 1681 1416 1742 [tas
1439 1683 1455 1727 3

146 1741 417 1788 Conamur!
442 1742 557 1789 nos!
584 1758 643 1789 an
666 1744 856 1790 miseros
884 1745 963 1807 qui
988 1744 1142 1790 Troas
1168 1744 1365 1792 Achivis

143 1804 384 1868 objecit?
419 1823 528 1870 quae
553 1823 696 1855 causa
718 1809 805 1856 fuit
826 1826 1111 1871 consurgere
1135 1810 1179 1856 in
1197 1825 1327 1858 arma
1391 1820 1457 1868 90

145 1873 484 1936 Europamque
509 1874 787 1936 Asiamque,
813 1884 859 1923 et
885 1875 1059 1922 soedera
1086 1876 1265 1922 solvere
1292 1878 1458 1924 furto?

146 1939 232 1986 Me
252 1939 375 1986 duce
390 1938 661 1987 Dardanius
687 1943 904 2003 Spartam
921 1943 1211 2005 expugnavit
1232 1943 1457 1993 adulter?

147 2006 247 2052 Aut
273 2022 364 2068 ego
391 2005 484 2053 tela
509 2005 638 2062 dedi,
665 2007 857 2068 fovique
883 2008 1108 2069 cupidine
1136 2009 1291 2055 bella?

147 2071 274 2118 Tum
300 2072 466 2120 decuit
491 2073 706 2119 metuisse
732 2075 858 2120 tuis:
897 2090 1020 2121 nunc
1047 2091 1146 2121 sera
1166 2076 1387 2136 querelis¹

150 2137 292 2185 Haud
311 2137 460 2197 justis
488 2139 708 2201 assurgiS‚
734 2149 779 2185 et
804 2142 933 2187 irrita
951 2140 1305 2202 jurgia-jactas,

216 2203 421 2250 Talibus
447 2205 618 2252 orabat
647 2206 802 2258 Jun0·,
838 2207 1096 2268 cunctique
1123 2207 1390 2255 fremebant

153 2269 392 2316 Coelicolae
414 2286 608 2318 assensu
630 2272 785 2318 vario:
822 2289 906 2318 ceu
935 2272 1122 2319 flamina
1149 2274 1304 2336 prima

154 2335 276 2381 Cum
298 2334 533 2398 deprensa
557 2337 761 2384 fremunt
778 2339 920 2395 silvis,
945 2347 993 2386 et.
1017 2356 1149 2386 caeca
1174 2340 1394 2387 volutant

156 2400 423 2460 Murmura,
449 2412 673 2451 venturos
695 2406 849 2452 nautis
877 2405 1126 2467 prodentia
1153 2416 1336 2452 ventos.

157 2464 282 2514 Tum
297 2471 758 2533 pateromnipoleus.
779 2487 928 2518 rerum
944 2473 1128 2519 enisum
1141 2490 1209 2518 ma
1227 2481 1458 2534 potestaS,
