1607 2700
500 85 769 119 mne-,mos
809 83 919 118 mn.
960 84 1038 117 xx.
1323 79 1418 127 2⁸9

115 197 335 260 Accipi0,
361 206 409 244 et
433 196 658 243 comitem
687 213 822 243 casus
848 197 1143 259 complector
1166 197 1212 244 in
1237 213 1417 244 omnes.

117 263 258 310 Nulla
286 263 400 310 meis
426 262 525 308 sine
553 271 600 308 te
627 271 868 324 quaeretur
891 262 1035 323 gloria
1061 264 1202 310 rebus
1224 280 1237 318 ;

115 331 211 375 Seu
234 345 419 387 pacem,
439 345 522 373 seu
546 327 672 374 bella
693 344 851 387 geram
874 343 885 374 z
924 327 1013 374 tibi
1037 330 1238 376 maxima
1261 346 1415 378 rerum

118 396 477 457 verborumque
503 392 638 440 fides.
682 396 863 441 Contra
885 411 1023 456 quem
1046 395 1156 441 talia
1176 395 1299 442 fatur
1324 404 1419 445 280

115 460 346 522 Euryalus
370 475 381 507 2
424 462 507 507 Me
532 460 658 506 nulla
685 461 785 506 dies
812 468 908 506 tarn
935 460 1138 507 fortibus
1165 461 1287 507 ausis

114 526 396 572 Dissimilem
422 525 630 588 arguerit
651 542 663 572 :
702 524 886 572 tantum
910 542 921 572 z
961 526 1147 572 fortuna
1171 527 1397 583 secunda,

112 597 211 639 Ant
235 592 435 639 adversa
460 591 622 638 cadat.
693 592 783 638 Sed
811 600 856 638 te
882 608 1025 654 snper
1048 592 1203 638 omnia
1224 592 1354 640 dona

113 658 270 704 Unum
295 675 396 705 oro.
466 657 687 705 Genitrix
713 658 890 705 Priami
915 660 974 704 de
999 667 1139 720 gente
1165 660 1354 706 vetusta

111 725 196 770 Est
223 725 334 771 mibi
357 741 369 778 ;
408 740 552 787 quam
579 726 799 770 miseram
825 725 972 770 tenuit
999 741 1090 771 non
1118 724 1204 771 Ilia
1229 725 1369 771 tellus

112 790 308 837 Mecum
320 792 649 847 excedentem,
661 806 754 835 non
768 790 937 837 moenia
950 791 1070 851 regis
1083 793 1291 838 Acestae.
1306 792 1419 854 [est.

111 856 252 903 Hanc
269 873 357 915 ego
375 857 738 917 nunc,ignara1n
755 855 898 911 hujus
915 856 1238 918 quodcunque
1253 857 1421 918 pericli

110 922 264 984 Inque
289 923 541 970 salutatam
568 924 734 984 linquo
758 941 768 971 :
809 923 919 969 Nox
946 933 991 967 et
1018 932 1099 969 tua
1124 923 1261 969 testis
1321 924 1422 985 [tis.

111 988 337 1045 Dextera,
358 988 490 1051 quod
511 1005 742 1049 nequeam
765 989 1007 1050 lacrymas
1029 987 1235 1051 perferre
1252 1004 1419 1050 paren-

109 1056 174 1100 At
197 1064 264 1110 tu,
283 1071 383 1110 or0,
406 1055 558 1102 solare
577 1056 782 1116 inopem,
800 1062 849 1101 et
866 1071 1092 1101 succurre
1107 1055 1301 1102 relictae.
1323 1061 1419 1110 290

109 1121 249 1167 Hanc
276 1121 374 1167 sine
400 1138 474 1168 me
501 1136 631 1183 spem
661 1121 780 1166 ferre
806 1120 904 1167 tui:
942 1121 1193 1168 audentior
1217 1121 1297 1167 ibo

109 1187 162 1232 ln
191 1203 328 1233 casus
354 1204 529 1234 omnes.
602 1187 828 1233 Perculsa
854 1196 1011 1234 mente
1037 1187 1271 1234 dederunt

110 1253 401 1300 Dardanidae
423 1254 656 1315 lacrymas
682 1270 692 1306 ;
732 1261 840 1298 ante
865 1269 1027 1300 omnes
1049 1254 1250 1316 pulcher
1271 1251 1402 1299 Iiilus

108 1322 270 1380 Atque
293 1320 497 1365 animum
525 1319 693 1381 patriae
719 1318 907 1365 strinxit
934 1319 1123 1381 pietatis
1148 1320 1322 1382 imago-

108 1385 235 1431 Tum
263 1386 329 1431 sic
354 1385 525 1432 effatur
548 1400 559 1430 z

110 1451 336 1512 Spondeo
363 1451 506 1513 digna
533 1450 625 1496 tuis
652 1450 923 1512 ingentibus
950 1452 1104 1498 omnia
1129 1452 1313 1514 coeptis„

109 1517 332 1579 Namque
351 1519 437 1563 erit
457 1518 544 1564 ista
563 1516 674 1562 mihi
693 1517 913 1578 genitrix,
933 1533 1201 1578 nomenque
1223 1519 1418 1567 Creiisae

109 1584 274 1630 Solum
303 1582 533 1636 defuerit;
572 1598 660 1628 nec
686 1590 877 1643 partum
903 1583 1054 1644 gratia
1080 1584 1218 1630 talem

107 1649 258 1696 Parva
278 1658 449 1696 manet.
475 1650 627 1695 Casus
646 1647 825 1694 factum
847 1649 1120 1712 quicunque
1136 1662 1417 1712 sequuntur,

107 1716 198 1763 Per
223 1724 372 1777 caput
399 1715 490 1761 hoc
507 1714 637 1775 jum,
659 1729 747 1775 per
771 1716 896 1776 quod
924 1724 1058 1778 pater
1083 1711 1193 1763 ante
1217 1717 1416 1775 solebat,

108 1782 230 1836 Qnae
252 1782 337 1828 tibi
355 1781 586 1843 polliceor
602 1779 780 1835 reduci,
799 1780 1035 1843 rebusque
1054 1782 1295 1841 secundis,
1320 1791 1412 1834 301

107 1847 228 1895 Haec
255 1848 422 1896 eadem
450 1846 681 1908 matrique
707 1853 803 1893 tuae
830 1849 1085 1909 generique
1110 1851 1385 1897 manebunt.

109 1914 187 1960 Sic
213 1915 280 1962 ait
303 1915 606 1976 illacrymans
629 1931 640 1968 ;
680 1912 877 1958 humero
903 1912 1043 1959 simul
1068 1915 1200 1961 exuit
1224 1932 1382 1964 ensem

108 1985 362 2038 Auratum,
390 1980 505 2027 mira
529 1996 665 2042 quem
699 1977 874 2024 fecerat
898 1989 996 2026 arte
1022 1980 1216 2042 Lycaon

108 2046 335 2098 Gnosius,
395 2056 541 2108 atque
569 2044 776 2092 habilem
803 2044 973 2106 vagina
999 2047 1191 2108 aptarat
1215 2048 1414 2095 eburna.

108 2113 206 2159 Dat
230 2113 346 2160 Niso
373 2113 652 2160 Mnestheus
688 2110 878 2173 pellem,
907 2112 1237 2174 horrentisque
1266 2115 1415 2162 leonis

108 2179 344 2236 Exuvias;
383 2180 561 2240 galeam
589 2177 715 2223 fidus
742 2186 985 2237 permutat.
1008 2180 1195 2225 Aletes.

108 2246 341 2294 protenus
367 2246 537 2293 armati
562 2244 788 2290 incedunt
810 2261 822 2299 ;
862 2260 982 2306 quos
1007 2247 1160 2291 omnis
1185 2255 1350 2292 euntes

110 2311 372 2359 primorum
389 2329 552 2360 manus
566 2312 624 2358 ad
641 2311 1141 2372 portasjuvenumque
1155 2329 1413 2374 senumque

107 2377 416 2441 Prosequitur
441 2379 563 2425 votis
587 2395 597 2426 ε
634 2393 821 2424 necnon
847 2385 896 2424 et
923 2378 1123 2440 pulcher
1141 2378 1290 2433 IuluS,
1317 2386 1407 2426 310

107 2448 235 2491 Ante
257 2460 402 2490 annos
423 2445 727 2506 animumque
748 2459 916 2506 gerens
933 2462 1190 2506 curamque
1219 2446 1413 2501 virileni,

246 2511 384 2575 Virg.
1261 2512 1278 2556 l
