1607 2700
161 95 257 147 292
491 104 540 137 1³.
579 100 826 135 v1RG1L11
873 101 1140 136 MARoms

161 214 415 276 objiciunt
438 215 620 275 equites
648 232 748 263 sese
773 216 833 262 ad
861 215 1064 262 divortia.
1090 224 1203 261 nota
1308 217 1465 278 [nant.

162 282 287 328 Hinc
305 290 450 342 atque
468 281 592 338 hinc,
610 298 896 343 omnemque
912 281 1093 328 abitum
1113 280 1315 328 custode
1332 299 1469 328 coro-

227 347 353 393 Silva
379 346 469 393 fuit
494 347 585 393 late
610 347 764 393 dumis
791 359 934 408 atque
959 347 1064 393 ilice
1093 348 1222 399 nigra
1370 355 1461 396 381

161 412 388 469 Horrida,
409 429 548 474 quam
571 414 705 459 densi
726 414 1025 474 complerant
1048 414 1258 474 undique
1280 424 1434 460 sentes
1453 431 1465 468 ;

159 479 285 525 Rara
311 494 396 540 per
420 480 638 525 occultos
664 478 874 525 ducebat
901 479 1067 525 semita
1099 480 1257 526 calles,

160 545 418 607 Euryalum
448 545 657 591 tenebrae
682 560 919 591 ramorum
947 560 1238 605 onerosaque
1264 546 1428 606 praeda

161 610 454 672 Impediunt,
482 610 695 671 fallitque
725 611 864 657 timor
890 610 1075 670 regione
1102 610 1294 656 viarum.

159 675 308 723 Nisus
331 677 461 722 abit:
495 677 698 737 jamque
723 676 1000 739 imprudens
1025 686 1236 723 evaserat
1262 678 1436 734 hostes,

161 745 324 804 Atque
350 743 500 798 lacus,
527 743 605 804 qui
632 741 742 805 post
769 743 908 788 Albae
935 742 994 787 de
1024 743 1211 788 nomine
1238 742 1356 789 dicti

161 808 372 860 Albani:
413 817 509 854 tum
539 826 615 855 rex
645 809 829 854 stabula
854 809 947 854 alta
976 808 1169 853 Latinus
1199 809 1420 854 habebat.

162 874 228 920 Ut
254 874 402 930 stetit,
429 884 476 921 et
501 874 670 921 frustra
698 876 932 920 absentem
962 882 1169 935 respexit
1193 875 1431 921 amicum:

162 940 384 1002 Euryale,
407 940 567 987 infelix
597 942 690 1002 qua
716 950 759 986 te
780 942 968 1002 regione
995 941 1194 1000 reliqui?
1375 948 1473 998 390

164 1005 332 1059 Quave
351 1007 558 1068 sequar?
586 1022 741 1053 rursus
764 1008 1041 1068 perplexum
1062 1008 1144 1052 iter
1160 1023 1299 1053 omne
1319 1008 1472 1053 revol-

163 1071 369 1118 Fallacis
396 1075 542 1128 silvae,
569 1073 705 1118 simul
731 1083 776 1117 et
804 1073 1002 1127 vestigia
1027 1082 1155 1118 retro
1337 1073 1470 1135 [vens

165 1136 434 1184 Observata
459 1139 586 1200 legit,
613 1138 862 1199 dumisque
890 1137 1132 1184 silentibus
1161 1145 1302 1185 errat.

162 1203 312 1249 Audit
332 1220 495 1266 equos,
523 1205 656 1250 audit
677 1205 918 1264 strepitus,
946 1213 991 1249 et
1019 1205 1150 1265 signa
1171 1204 1471 1265 sequentum.

162 1268 925 1331 Neclonguminmediotenipus,
940 1270 1046 1315 curn
1067 1270 1319 1316 clamorad
1334 1287 1472 1317 aures

163 1333 405 1392 Pervenit,
431 1351 486 1382 ae
513 1336 641 1382 videt
673 1337 967 1399 Euryalunm
1004 1352 1144 1398 quem
1164 1335 1268 1396 jam
1307 1352 1473 1382 manus

297 1402 468 1457 omnis,

164 1469 345 1515 Fraude
373 1439 468 1515 loci
492 1475 539 1513 et
563 1467 728 1525 noctis,
752 1467 908 1513 subito
935 1467 1156 1514 turbante
1181 1467 1407 1524 tumultu,

166 1534 461 1597 Oppressum
490 1534 627 1594 rapit,
653 1545 700 1580 et
727 1543 976 1579 conantem
1002 1533 1202 1595 plurima
1227 1533 1419 1580 frustra.

166 1600 295 1653 Quid
316 1599 492 1646 faciat?
518 1600 611 1661 qua
631 1600 928 1659 vijuvenern‚
946 1600 1120 1660 quibus
1137 1600 1311 1646 audeat
1334 1600 1476 1646 armis

165 1666 400 1729 Eripere?
426 1681 484 1710 an
506 1681 606 1710 sese
632 1665 813 1710 medios
840 1666 1097 1711 moriturus
1125 1665 1170 1710 in
1196 1666 1352 1712 hostes
1378 1673 1476 1713 400

167 1732 365 1786 luserat,
378 1740 426 1778 et
440 1731 681 1792 pulchram
699 1741 920 1792 properet
933 1748 1016 1792 per
1033 1732 1226 1777 vulnera
1243 1742 1438 1778 mortem
1456 1733 1475 1778 ’ἐ

168 1799 338 1861 Ocyus
363 1798 577 1843 adducto
604 1807 828 1857 torqueus
854 1797 1020 1843 hastile
1045 1798 1241 1853 lacerto,

170 1864 444 1927 Suspiciens
471 1864 816 1919 ahamLunam,
843 1863 909 1908 sic
936 1879 1053 1909 voce
1082 1873 1331 1923 precatur:

166 1930 261 1987 Tu,
290 1932 411 1987 Dea,
440 1939 491 1976 tu
518 1945 724 1991 praesens
751 1939 912 1975 nostro
938 1945 1165 1975 succurre
1191 1929 1355 1985 labori,

169 2000 422 2043 Astrorum
450 1996 616 2052 decuS‚
642 2004 690 2041 et
716 2011 960 2040 nemorum
987 1995 1183 2041 Latonia
1210 2004 1393 2042 custos.

172 2062 222 2108 Si
250 2078 342 2125 qua
369 2062 458 2108 tuis
482 2078 688 2123 unquam
716 2077 806 2123 pro
833 2077 907 2107 me
933 2070 1069 2122 pater
1094 2061 1330 2122 H3rtacus
1356 2062 1446 2108 aris

173 2128 311 2174 Dona
340 2128 476 2181 tulin
516 2129 554 2174 si
581 2144 678 2188 qua
703 2128 804 2188 ipse
831 2127 941 2173 rueis
968 2129 1217 2173 venatibus
1243 2128 1368 2183 auxi,

173 2194 465 2267 Suspendive
490 2194 640 2247 thole,
663 2204 740 2239 aut
772 2209 905 2239 sacra
923 2194 982 2239 ad
1011 2192 1192 2254 fastigia
1221 2193 1328 2239 fixi:
1367 2195 1478 2255 [raS.

175 2259 318 2307 Hunc
337 2259 437 2305 sine
458 2276 529 2305 me
549 2259 740 2306 turbare
761 2259 976 2321 globum,
997 2268 1042 2305 et
1059 2275 1165 2320 rege
1182 2259 1274 2305 tela
1291 2276 1376 2322 per
1394 2276 1480 2306 au-

243 2325 473 2380 Dixerat;
499 2334 543 2370 et
573 2334 675 2371 toto
702 2325 934 2372 connixus
952 2341 1155 2387 corpore
1181 2325 1356 2372 ferrum
1387 2332 1482 2373 410

177 2391 416 2454 Conjicit:
457 2392 595 2439 hasta
614 2391 776 2438 volans
802 2391 956 2439 noctis
977 2390 1248 2440 diverberat
1270 2391 1483 2448 umbras,
