1607 2700
180 115 275 158 284
518 124 566 158 P.
606 120 850 155 vincum
896 119 1159 156 MARoms

179 243 410 297 Dixerat;
435 241 583 305 idque
608 248 776 298 ratum,
804 240 958 305 Stygii
982 256 1067 303 per
1090 239 1285 286 flumina
1315 237 1488 295 fratris,

178 309 269 356 Per
287 309 395 372 pice
418 317 645 357 torrentes
668 310 867 371 atraque
891 308 1114 369 voragine
1138 307 1280 369 ripas,

177 376 374 432 Annuit,
401 384 448 424 et
473 383 626 424 totum
649 384 767 422 nutu
795 373 1057 421 tremefecit
1077 375 1357 437 Olympum.

244 442 371 505 Ergo
396 444 561 491 aderat
583 442 818 507 promissa
841 441 957 494 dies,
1000 448 1047 487 et
1071 449 1287 502 tempora
1327 439 1490 484 Parcae

177 509 354 557 Debita
377 511 674 572 complerant
695 525 706 562 ;
744 507 854 554 cum
879 507 1034 553 Turni
1057 507 1226 568 injuria
1252 508 1458 552 Matrem

177 576 443 624 Admonuit
467 578 612 624 sacris
638 574 815 622 ratibus
841 573 1073 635 depellere
1094 575 1261 621 taedas.

175 642 270 689 Hic
294 644 495 707 primum
520 659 642 690 nova
665 641 746 687 lux
769 640 916 687 oculis
930 639 1123 698 offulsit,
1144 650 1192 688 et
1206 640 1370 702 ingens
1400 646 1491 686 llo

176 708 319 758 Visus
343 710 406 758 ab
432 710 620 756 Aurora
645 708 816 755 coelum
837 715 1156 755 transcurrere
1175 707 1382 761 nimbus,

175 773 393 836 Idaeique
419 775 580 821 chori:
607 783 705 820 tum
731 789 823 820 vox
848 773 1082 819 horrenda
1106 790 1190 836 per
1214 789 1351 819 auras

175 841 385 898 Excidit,
407 849 456 889 et
465 842 649 888 Troiim
664 840 1041 902 Rutulorumque
1052 841 1243 903 agmina
1255 838 1487 900 complet:

174 906 250 954 Ne
275 908 505 970 trepidate
530 924 673 963 meaS,
700 907 890 964 Teucri,
918 905 1175 955 defendere
1199 923 1358 963 naves,

174 973 310 1022 Neve
335 983 514 1023 armate
540 991 733 1022 manus:
763 974 908 1020 maria
931 974 1046 1036 ante.
1064 991 1259 1021 exurere
1281 975 1447 1020 Turno

177 1040 334 1094 Quam
356 1058 517 1090 sacras
542 1041 735 1088 dabitur
761 1041 915 1103 pinus.
986 1041 1085 1087 Vos
1112 1042 1176 1088 ite
1202 1041 1391 1097 solutae,

174 1107 266 1164 lte,
296 1111 413 1156 Deae
438 1109 623 1172 pelagi;
651 1109 868 1154 Genitrix
885 1107 1045 1168 jubet.
1107 1110 1168 1155 Et
1184 1125 1270 1155 sua
1289 1125 1491 1171 quaeque

176 1174 417 1223 Continuo
441 1191 632 1240 puppes
656 1174 950 1237 abrumpunt
969 1175 1156 1223 vincula
1174 1176 1303 1238 ripis,

174 1241 563 1305 Delphinumque
589 1241 732 1287 modo
748 1241 969 1288 demersis
990 1259 1186 1305 aequora
1204 1241 1370 1290 rostris
1401 1251 1414 1288 1
1438 1250 1491 1298 19

173 1309 275 1356 Ima
299 1318 486 1373 petunt.
556 1308 679 1354 Hinc
706 1308 925 1370 virgineae
944 1308 1175 1369 (mirabile
1206 1314 1489 1368 monstrum)

173 1375 406 1424 Reddunt
431 1394 480 1424 se
506 1374 702 1422 totidem
727 1373 892 1432 facies,
919 1383 1169 1438 pontoque
1194 1376 1437 1430 feruntur;

173 1444 333 1498 *Quot
358 1443 490 1505 prius
515 1450 673 1489 aeratae
699 1448 927 1489 steterant
951 1443 1010 1489 ad
1036 1443 1192 1490 littora
1217 1442 1418 1506 proram*

241 1512 548 1574 Obstupuere
573 1510 738 1556 animis
765 1508 929 1555 Rutuli
951 1526 962 1557 :
990 1511 1276 1557 conterritus
1302 1511 1401 1572 ipse

174 1579 396 1624 Turbatis
423 1579 683 1638 Messapus
708 1577 872 1638 equis;
900 1584 1154 1624 cunctatur
1173 1586 1221 1624 et
1245 1578 1395 1623 amnis

174 1644 339 1691 Rauca
372 1660 558 1700 sonans,
601 1652 892 1704 revocatque
932 1643 1102 1704 pedem
1136 1645 1392 1691 Tiberinus
1431 1647 1491 1692 ab

173 1714 353 1758 At'non
379 1711 550 1758 audaci
573 1710 718 1756 cessit
742 1709 916 1756 fiducia
939 1710 1123 1758 Turno.
1359 1713 1491 1776 [alto.

174 1778 314 1825 Ultro
339 1780 523 1825 animos
551 1777 671 1824 tollit
696 1777 849 1833 dictis,
877 1786 1023 1840 atque
1048 1777 1259 1839 increpat
1286 1779 1435 1830 ultro:

173 1845 413 1907 Trojanos
435 1845 538 1891 haec
563 1852 777 1891 monstra
802 1852 972 1907 petunt
994 1862 1005 1892 :
1034 1845 1102 1891 his
1127 1845 1316 1906 Jupiter
1343 1847 1442 1909 ipse

174 1913 418 1959 Auxilium
445 1912 636 1958 solitum
660 1912 837 1972 eripuit
859 1928 869 1958 :
896 1928 990 1958 non
1015 1911 1121 1967 tela,
1149 1929 1235 1958 nec
1260 1913 1392 1974 ignes

175 1979 683 2042 ExpectantRutulOS.
709 1978 837 2041 Ergo
855 1978 1141 2024 mariainvia
1160 1979 1377 2035 Teucris,
1404 1989 1492 2029 130

174 2047 280 2092 Nec
298 2063 405 2109 spes
426 2046 520 2093 ulla
536 2045 692 2108 fugae3
717 2061 872 2091 rerum
892 2061 999 2107 pars
1020 2045 1166 2093 altera
1191 2046 1378 2094 ademta
1391 2058 1489 2095 est:

173 2113 325 2160 Terra
348 2121 509 2161 autem
534 2113 580 2158 in
607 2112 825 2158 manibus
850 2113 1019 2159 nostris
1041 2129 1053 2167 ;
1080 2121 1152 2160 tot
1171 2113 1314 2159 millia
1333 2124 1492 2176 gentes

175 2183 322 2226 Arma
347 2179 508 2226 ferunt
532 2180 682 2226 Italae.
755 2179 836 2225 Nil
862 2196 935 2226 me
962 2179 1119 2228 fatalia
1144 2189 1336 2236 terrent,

176 2246 225 2291 Si
251 2262 344 2308 qua
371 2247 577 2309 Phryges
603 2262 699 2307 prae
724 2262 771 2292 se
790 2246 994 2307 jactant,
1015 2263 1243 2309 responsa
1264 2248 1489 2295 Deorum.

178 2313 262 2360 Sat
284 2311 390 2359 fatis
413 2314 679 2375 Venerique
703 2313 884 2368 datum,
911 2315 1101 2375 tetigere
1127 2313 1256 2376 quod
1285 2331 1395 2362 arva

178 2379 360 2426 Fertilis
387 2380 609 2425 Ausoniae
635 2380 787 2426 Troes
810 2397 820 2427 ε
848 2388 956 2426 sunt
980 2389 1026 2427 et
1052 2396 1153 2426 mea
1178 2381 1348 2428 contra

179 2447 292 2492 Fata
317 2445 448 2503 mihi,
472 2445 595 2492 ferro
621 2447 896 2493 sceleratam
921 2447 1197 2495 exscindere
1217 2457 1425 2512 gentem,

178 2513 397 2575 Conjuge
420 2513 669 2576 praerepta.
742 2515 843 2560 Nec
866 2514 990 2561 solos
1015 2515 1164 2576 tangit
1190 2515 1381 2562 Atridas
