1607 2700
137 98 225 149 126
494 114 543 148 P.
584 113 830 150 v1nG1L11
860 115 1121 150 MAnoms

130 231 337 278 Defendi
357 242 566 294 possent,
593 235 734 282 etiam
760 235 848 283 hac
872 235 1067 282 defensa
1092 235 1310 282 fuissent.
1359 241 1453 291 292

130 299 292 355 Sacra,
319 316 526 361 suosque
552 302 639 347 tibi
659 302 966 349 commendat
988 303 1140 362 Troja
1165 303 1366 350 Penates
1388 318 1399 348 ι

130 364 230 411 Hos
255 382 375 428 cape
399 366 604 413 fatorum
627 369 854 424 comites;
895 369 965 415 his
993 369 1159 416 moenia
1186 385 1365 431 quaere,

130 432 310 494 Magna
329 442 570 494 pererrato
596 443 775 481 statues
801 452 911 496 quae
936 434 1142 496 denique
1159 444 1324 498 ponto.

131 498 211 543 Sic
237 499 318 554 ait,
346 507 393 546 et
417 501 634 546 manibus
661 502 819 557 vittaS,
849 502 1140 563 Vestamque
1170 510 1435 563 potentem,

129 565 475 627 AEternumque
500 566 660 629 adytis
686 567 823 613 effert
849 568 1170 628 penetralibus
1196 569 1370 630 ignem.

199 631 397 678 Diverso
422 633 597 679 interea
622 633 881 680 miscentur
905 634 1074 680 moenia
1095 634 1227 681 luctu
1249 652 1261 690 ;

130 697 192 743 Et
217 698 367 760 magis
392 707 537 760 atque
564 700 711 760 magis
727 702 1021 762 (quanquam
1048 710 1228 748 secreta
1255 699 1461 763 parentis

132 765 357 811 Anchisae
382 764 570 822 domus,
597 767 944 827 arboribusque
970 767 1164 813 obtecta
1187 767 1396 826 recessit)

133 830 416 878 Clarescunt
436 833 636 891 sonitus,
663 849 1001 896 armorumque
1026 833 1200 896 ingruit
1226 835 1405 880 horror.

131 897 364 944 Excutior
386 915 568 956 somno,
596 910 642 947 et
668 900 838 946 summi
863 898 1047 962 fastigia
1068 901 1183 947 tecti
1367 905 1462 948 302

131 965 350 1011 Ascensu
376 982 565 1028 supero,
592 976 737 1028 atque
756 968 950 1014 arrectis
975 967 1170 1014 auribus
1196 974 1316 1014 asto.

132 1030 186 1076 In
205 1040 411 1093 segetem
439 1033 583 1080 veluti
608 1034 718 1080 cum
743 1032 933 1079 flamma
958 1033 1221 1081 furentibus
1250 1033 1431 1080 Austris

132 1087 333 1144 Incidit·
324 1134 336 1153 ,
375 1107 458 1156 aut
492 1101 686 1161 rapidus
713 1108 940 1146 montano
967 1099 1159 1146 flumine
1183 1108 1366 1146 torrens

132 1165 310 1211 Sternit
335 1182 487 1228 agros,
515 1168 678 1214 sternit
700 1176 801 1213 sata
823 1167 933 1214 laeta
958 1167 1201 1229 boumque
1225 1167 1423 1223 labores,

131 1231 510 1295 Praecipitesque
537 1235 681 1281 trahit
706 1234 871 1284 silvas;
914 1241 1076 1294 stupet
1099 1234 1276 1280 inscius
1303 1236 1399 1280 alto

131 1298 389 1361 Accipiens
416 1300 622 1347 sonitum
649 1301 750 1347 saxi
775 1300 833 1347 de
857 1301 1032 1347 vertice
1052 1308 1231 1362 pastor.

131 1363 262 1411 Tum
285 1365 393 1412 vero
420 1366 670 1414 manifesta
696 1367 832 1421 fides,
863 1366 1185 1429 Danaumque
1209 1373 1466 1428 patescunt

134 1431 357 1480 Insidiae:
387 1432 491 1494 jam
518 1433 764 1496 Deiphobi
791 1433 925 1480 dedit
943 1433 1102 1496 ampla
1126 1433 1330 1489 ruinam,
1369 1441 1466 1481 310

134 1499 348 1546 Vulcano
374 1508 643 1563 superante,
670 1500 875 1547 domus:
905 1500 1008 1561 jam
1046 1500 1292 1562 proximus
1329 1501 1467 1547 ardet

133 1566 378 1629 Ucalegon
399 1583 410 1613 z
460 1568 598 1628 Sigea
620 1567 715 1629 igni
740 1566 861 1613 freta
884 1566 975 1613 lata
1001 1567 1232 1613 relucent.

134 1633 361 1680 Exoritur
381 1634 659 1708 clamorque
685 1633 855 1680 virfim.
879 1633 1169 1708 clangorque
1190 1634 1430 1680 tubarum.

134 1701 284 1748 Arma
308 1718 470 1747 amens
491 1700 645 1762 capio,
673 1717 761 1747 nec
783 1708 855 1746 sat
871 1699 1063 1746 rationis
1084 1699 1130 1744 in
1151 1700 1311 1754 armis;
1339 1701 1465 1762 [cem

135 1766 226 1813 Sed
253 1768 513 1842 glomerare
539 1784 728 1814 manum
773 1767 915 1822 bello,
942 1773 990 1813 et
1014 1782 1300 1812 concurrere
1322 1766 1368 1812 in
1395 1782 1467 1812 ar-

136 1834 258 1880 Cum
285 1835 426 1881 sociis
452 1834 622 1881 ardent
645 1834 818 1880 animi:
857 1833 1020 1880 furor
1009 1849 1170 1894 ltaque
1196 1842 1399 1880 mentem

134 1900 462 1964 Praecipitant,
490 1901 843 1964 pulchrumque
870 1900 1005 1956 mori,
1033 1900 1329 1956 succurrit,
1319 1916 1364 1945 in
1391 1916 1466 1946 ar-

137 1969 264 2025 Ecce
284 1977 444 2016 autem
470 1969 575 2015 telis
600 1968 808 2015 Panthus
831 1967 1019 2028 elapsus
1045 1966 1300 2021 Achivum,
1339 1967 1467 2029 [niis.

136 2034 348 2082 Panthus
375 2036 666 2098 Othryades,
693 2035 812 2082 arcis
838 2034 1100 2096 Phoebique
1125 2033 1369 2089 sacerdos,

137 2102 280 2148 Sacra
306 2119 461 2159 manu,
488 2103 738 2164 victosque
766 2104 912 2158 Deos,
931 2116 1222 2162 parvumque
1243 2110 1468 2162 nepotem

138 2168 250 2230 Ipse
276 2170 435 2224 trahit,
461 2185 702 2230 cursuque
719 2185 881 2215 amens
898 2167 957 2214 ad
978 2166 1138 2213 limina
1159 2166 1307 2213 tendit
1330 2185 1340 2215 :
1371 2173 1462 2214 321

139 2236 250 2290 Quo
276 2252 349 2282 res
377 2251 560 2281 summa
580 2236 707 2291 loco,
746 2234 972 2282 Panthu?
1009 2248 1150 2296 quam
1191 2232 1468 2297 prendimus

271 2318 429 2348 arcem
451 2302 470 2349 ’Ξ

138 2367 228 2414 Vix
248 2384 305 2415 ea
329 2367 457 2416 fatus
483 2385 628 2425 eram,
654 2367 830 2430 gemitu
857 2367 965 2414 cum
993 2366 1103 2413 talia
1127 2365 1314 2414 reddit:

138 2435 279 2482 Venit
298 2452 481 2481 summa
505 2435 604 2482 (lies
628 2443 676 2481 et
695 2433 998 2481 ineluctabile
1019 2443 1205 2496 tempus

141 2502 426 2549 Dardaniae:
454 2501 632 2549 fuimus
653 2501 824 2559 Troes,
852 2500 941 2548 fuit
967 2501 1122 2556 Ilium,
1145 2509 1192 2546 et
1209 2500 1371 2560 ingens

140 2569 311 2618 Gloria
336 2569 663 2618 Teucrorum:
701 2567 828 2616 ferus
855 2566 1010 2616 onmia
1035 2568 1224 2631 Jupiter
1250 2568 1406 2630 Argos
