1546 2686
64 96 128 145 92
407 103 455 137 P.
494 101 742 138 vrnorLu
771 101 1032 138 MAnoms

63 221 154 269 Illa
173 219 382 283 quidem,
407 220 518 267 dum
544 228 590 269 te
607 215 799 285 'fugeret
822 237 907 284 per
924 219 1118 267 flumina
1137 220 1375 282 praeceps‘,

65 289 325 334 Immauem
349 295 458 335 ante
481 287 630 350 pedes
657 288 862 351 hydrum
887 287 1115 333 moritura
1138 284 1298 348 puella

67 355 346 401 Servantem
370 354 492 415 ripas
516 355 611 401 alta
637 371 729 401 non
755 354 872 400 vidit
895 353 941 399 in
966 353 1131 400 herba.

65 424 131 467 At
144 421 316 466 chorus
328 420 521 484 aequalis
535 421 701 483 Dryad
710 437 784 467 um
796 420 1000 466 clamore
1013 433 1259 481 supremos
1279 417 1376 464 460

66 486 333 548 Implerunt
356 495 563 534 montes:
592 487 765 533 flerunt
788 485 1088 546 Rhodopeiae
1111 500 1263 540 arces,

70 553 280 615 Altaque
304 554 520 615 Pangaea,
546 561 595 599 et
619 551 765 599 Rhesi
790 552 1032 598 Mavortia
1055 552 1209 606 telluS,

66 622 227 682 Atque
252 620 408 675 Getae,
429 628 569 680 atque
598 619 805 674 Hebrus,
831 626 879 664 et
904 618 1068 664 Actias
1089 616 1326 679 Orithyia.

66 686 193 747 Ipse,
221 686 339 732 cava
366 685 524 732 solans
551 701 728 745 aegrum
754 683 996 731 testudine
1021 699 1248 739 amorem,

65 752 154 808 Te,
180 751 334 798 dulcis
360 751 553 813 conjux,
580 760 627 798 te
653 751 820 797 soloin
845 750 1004 798 littore
1030 765 1209 805 secum,

66 819 140 865 Te
165 818 382 865 veniente
406 818 498 874 die,
525 826 573 864 te
593 817 852 864 decedente
877 817 1098 863 canebat.

72 885 314 933 Taenarias
339 884 480 932 etiam
505 884 682 940 fauces,
708 884 804 931 alta
828 883 953 930 ostia
977 882 1118 940 Ditis,

69 953 133 998 Et
156 951 443 1014 caligantem
467 951 597 1013 nigra
620 950 867 997 formidine
891 950 1050 996 lucum

67 1018 607 1081 Ingressus,Manesque
626 1017 760 1073 adiit,
775 1018 1049 1077 Regemque
1067 1012 1381 1070 tremendum,

68 1085 342 1147 Nesciaque
369 1084 584 1130 humanis
610 1084 834 1145 precibus
859 1098 1185 1129 mansuescere
1213 1080 1380 1126 corda.

69 1153 136 1199 At
159 1158 303 1198 cantu
327 1159 577 1197 commotae
603 1150 744 1196 Erebi
770 1149 828 1196 de
853 1148 1047 1195 sedibus
1070 1147 1175 1193 imis
1284 1154 1378 1200 471

70 1218 266 1266 Umbrae
281 1217 412 1263 ibant
425 1224 607 1273 tenues,
621 1216 968 1277 simulacraque
982 1215 1088 1261 luce
1107 1214 1381 1261 carentum:

70 1285 226 1339 Quam
253 1284 403 1330 multa
426 1282 471 1328 in
497 1284 627 1330 silvis
653 1283 807 1329 avium
833 1298 882 1328 se
908 1281 1047 1327 millia
1072 1280 1304 1333 condunt,

68 1353 253 1413 Vesper
270 1350 368 1406 ubi,
387 1357 466 1396 aut
485 1349 724 1413 hybernus
741 1349 836 1410 agit
855 1347 916 1394 de
937 1347 1180 1393 montibus
1199 1346 1382 1392 imber:

69 1419 272 1473 Matres,
297 1424 443 1478 atque
469 1416 569 1472 viri,
595 1414 916 1477 defunctaque
940 1429 1144 1476 corpora
1167 1413 1263 1458 vita

70 1483 436 1547 Magnanimum
455 1484 663 1537 heroum,
685 1482 834 1544 pueri,
861 1481 1175 1542 innuptaeque
1191 1478 1383 1541 pueliae,

70 1550 389 1614 Impositique
413 1549 539 1611 rogis
556 1548 759 1609 juvenes
784 1555 893 1594 ante
918 1562 1000 1592 ora
1023 1555 1300 1608 parentum;

73 1619 208 1672 Quos
234 1616 414 1663 circum
437 1614 573 1661 limus
596 1614 739 1675 niger,
764 1622 809 1660 et
835 1612 1060 1659 deformis
1080 1611 1266 1659 arundo

72 1683 264 1747 Cocyti,
292 1681 524 1742 tardaque
551 1681 688 1743 palus
713 1678 975 1726 inamabilis
1001 1677 1128 1724 unda

75 1751 263 1812 Alligat,
289 1756 337 1795 et
361 1747 520 1794 novies
547 1749 663 1811 Styx
686 1746 912 1793 interfusa
936 1751 1140 1792 coercet.
1288 1749 1386 1792 480

75 1817 206 1872 Quin
232 1817 350 1880 ipsae
375 1822 598 1877 stupuere
621 1813 807 1869 domus,
834 1819 978 1875 atque
1002 1810 1168 1858 intima
1185 1810 1267 1857 leti

71 1884 292 1938 Tartara,
318 1882 644 1943 coeruleosque
670 1880 888 1942 implexae
913 1877 1119 1925 crinibus
1143 1893 1325 1939 angues

76 1948 392 2004 Eumenides;
433 1948 678 2011 tenuitque
697 1947 878 1993 inhians
903 1945 993 1993 tria
1020 1944 1253 1991 Cerberus
1278 1959 1384 1997 ora;

78 2019 240 2078 Atque
257 2015 587 2062 Ixioniivento
611 2022 714 2060 rota
740 2013 954 2061 constitit
976 2011 1119 2058 orbis.

144 2084 344 2144 Jamque
367 2080 541 2144 pedem
568 2080 789 2136 referem,
813 2095 952 2126 casus
968 2084 1181 2125 evaserat
1195 2092 1388 2130 omnes3

80 2149 382 2210 Redditaque
409 2147 647 2210 Eurydice
673 2163 867 2208 superas
890 2145 1109 2193 veniebat
1134 2143 1194 2190 ad
1231 2159 1389 2198 auras,

80 2216 210 2263 Pone
243 2230 471 2276 sequeus3
511 2230 715 2275 namque
740 2213 864 2260 hanc
888 2211 1083 2258 dederat
1106 2210 1390 2273 Proserpina

213 2282 389 2343 legem;

83 2347 208 2395 Cum
233 2348 390 2394 subita
415 2346 657 2392 incautum
682 2345 917 2393 dementia
941 2351 1070 2406 cepit
1093 2350 1350 2398 amantem,

84 2414 380 2476 Ignoscenda
407 2412 616 2476 quidem,
643 2412 816 2459 scirent
841 2413 881 2460 si
902 2412 1146 2473 ignoscere
1171 2411 1357 2456 Manes.

86 2481 294 2536 Restitit,
309 2478 673 2543 Eurydicenque
684 2495 816 2526 suam
821 2479 925 2540 jam
936 2479 1045 2525 luce
1057 2476 1145 2523 sub
1157 2476 1279 2537 ipsa,
1296 2481 1394 2531 490

87 2548 355 2604 Immemor,
371 2547 486 2594 heu!
508 2545 758 2610 victusque
770 2545 910 2593 animi
923 2543 1147 2607 respexit:
1163 2543 1227 2590 ibi
1240 2541 1392 2590 omnis
