1635 2685
486 63 788 99 BUCOLICA.
829 61 946 95 ECL.
986 63 1075 97 111.
1154 60 1162 64 “
1416 50 1462 91 ll

170 160 328 216 Quem
350 176 449 206 mea
466 157 756 206 carminibus
773 156 1019 203 meruisset
1037 155 1211 211 fistula,
1239 155 1471 216 caprum}

171 229 222 274 Si
249 227 412 281 nesciS,
440 241 570 272 meus
594 223 670 270 ille
691 238 835 284 caper
858 221 975 276 fuit;
1013 231 1060 268 et
1086 221 1199 267 mihi
1227 222 1417 267 Damon

170 293 280 356 Ipse
296 262 551 347 fatebatur,
579 290 661 337 sed
686 289 882 335 reddere
908 305 1049 351 posse
1073 288 1296 349 negabat.
1342 286 1473 349 [cera

173 371 272 406 ME.
296 358 548 406 Cantando
584 365 635 403 tu
667 356 798 402 illum
818 357 836 401 ἶ
864 364 942 401 aut
970 354 1282 417 unquamtibi
1318 352 1476 399 fistula

169 426 346 472 Juncta
370 425 496 471 fuit?
530 439 626 469 non
652 431 702 468 tu
727 422 773 468 in
796 420 963 478 triviis,
989 421 1201 476 indocte,
1223 420 1411 466 solebas

172 490 397 537 Stridenti
420 491 635 537 miserum
659 488 835 551 stIpula
858 487 1134 551 disperdere
1154 487 1380 533 carmen?

174 569 270 603 DA.
295 557 376 602 Vis
393 557 522 619 ergo,
539 557 660 602 inter
678 571 776 611 nos,
793 554 906 616 quid
927 554 1083 616 possit
1104 562 1320 616 uterque,
1341 552 1476 598 vicis-

303 623 390 669 sim

174 689 518 751 Experiamur?
554 706 644 751 ego
665 688 783 734 hanc
801 663 998 733 vitulam
1017 687 1097 744 (ne
1120 684 1242 732 forte
1266 701 1475 741 recuses,

173 755 253 801 Bis
278 756 406 802 venit
423 754 482 801 ad
509 756 770 810 mulctram,
798 754 934 800 binos
960 752 1046 798 alit
1070 753 1215 799 ubere
1235 752 1398 809 foetus)
1415 759 1478 800 30

174 822 407 884 Depono:
446 830 497 868 tu
521 821 617 879 dic,
643 837 831 867 mecum
858 836 953 882 quo
979 818 1177 880 pignore
1201 826 1351 866 certes

144 928 149 934 .
179 902 279 935 ME.
323 890 395 934 De
431 904 569 951 grege
604 904 698 934 non
738 887 891 933 ausim
933 884 1196 947 quicquam
1237 886 1477 948 deponere

305 963 479 1002 tecum.
1369 953 1478 1015 [cat

174 1022 259 1067 Est
295 1022 406 1068 mihi
446 1037 651 1082 namque
688 1019 815 1067 domi
842 1027 994 1082 pater,
1021 1028 1086 1065 est
1116 1019 1290 1080 injusta
1316 1035 1480 1064 nover-

174 1088 347 1151 Bisque
371 1088 446 1135 die
471 1095 722 1134 numerant
739 1086 883 1134 ambo
900 1102 1064 1161 ρςουε,
1084 1086 1202 1132 alter
1224 1094 1270 1131 et
1294 1084 1478 1131 haedos.

175 1155 368 1210 Verum,
401 1150 449 1199 id
487 1152 617 1215 qnod
645 1154 794 1201 multo
819 1161 921 1201 tute
947 1153 1046 1215 ipse
1070 1151 1281 1199 fatebere
1305 1149 1478 1212 majus,

174 1221 382 1268 Insaniie
403 1221 518 1267 libet
544 1220 770 1282 quoniam
797 1220 898 1276 tibi,
927 1219 1097 1282 pocula
1124 1235 1298 1281 ponam

174 1288 366 1349 Pagina,
392 1287 615 1334 coelatum
638 1287 784 1333 divini
807 1302 929 1350 opus
956 1285 1301 1333 Alcimedontis
1322 1301 1334 1331 z

174 1355 326 1401 Lenta
352 1354 525 1417 quibus
550 1362 688 1399 torno
712 1352 840 1400 facili
867 1351 1177 1414 superaddita
1202 1352 1308 1398 vitis

175 1422 391 1468 Diffusos
418 1419 594 1467 hedera
618 1419 760 1466 vestit
783 1420 995 1483 pallente
1022 1421 1294 1481 corymbos.

174 1487 228 1534 In
256 1487 414 1535 medio
438 1487 538 1533 duo
561 1485 721 1544 signam
749 1487 936 1542 Conon,
958 1494 1006 1532 et
1022 1485 1128 1547 quis
1147 1484 1234 1532 fuit
1260 1485 1393 1539 alter,
1416 1492 1479 1531 40

175 1553 450 1617 Descripsit
469 1550 602 1599 radio
628 1559 782 1598 totum
827 1552 910 1614 qui
955 1551 1176 1613 gentibus
1202 1551 1400 1598 orbem?

173 1620 413 1683 Tempora
423 1635 532 1682 quae
543 1634 739 1675 messor,
761 1635 869 1682 quae
887 1634 1060 1665 curvus
1072 1626 1232 1665 arator
1251 1618 1482 1665 habetest

174 1688 398 1735 Necdum
422 1686 510 1733 illis
531 1684 665 1732 labra
688 1684 897 1741 admovi,
916 1684 997 1732 sed
1024 1684 1220 1731 condita
1243 1701 1390 1732 servo.

176 1767 272 1801 DA.
300 1755 359 1801 Et
379 1752 514 1800 nobis
538 1751 667 1799 idem
692 1751 981 1799 Alcimedon
1007 1751 1103 1798 duo
1130 1752 1302 1814 pocula
1325 1751 1459 1807 fecit,

176 1823 238 1868 Et
260 1821 386 1868 molli
410 1818 588 1867 circum
615 1826 686 1865 est
707 1834 843 1866 ansas
862 1819 1108 1882 amplexus
1129 1819 1336 1866 acantho
1357 1835 1369 1866 z

176 1889 468 1952 Orpheaque
492 1886 538 1932 in
559 1884 714 1932 medio
735 1886 914 1949 posuit,
942 1885 1180 1947 silvasque
1208 1893 1481 1948 sequentes.

176 1954 398 2002 Necdum
426 1953 517 2000 illis
541 1952 672 1998 labra
697 1952 904 2009 admovi,
931 1951 1012 1998 sed
1039 1951 1238 1998 condita
1254 1969 1402 1998 servo.

175 2020 226 2067 Si
246 2021 305 2068 ad
322 2021 518 2069 vitulam
532 2028 740 2082 spectes,
752 2019 946 2066 nihilest
960 2018 1090 2081 quod
1105 2018 1278 2081 pocula
1295 2019 1478 2065 laudeS.

179 2101 278 2136 ME.
316 2089 575 2150 Nunquam
605 2085 747 2132 hodie
772 2085 1001 2149 effuoies:
1052 2086 1235 2132 veniam
1273 2102 1483 2148 quocun·

310 2172 402 2218 que
424 2152 625 2202 vocaris

178 2221 361 2270 Audiat
375 2222 478 2269 haec
492 2219 862 2282 tantumvelqui
885 2217 1039 2266 venit:
1068 2234 1198 2274 ecce,
1216 2216 1482 2264 Palaemon:

180 2289 394 2336 Efficiam
415 2288 617 2351 posthac
643 2304 698 2335 ne
725 2303 999 2349 quenquam
1027 2302 1145 2332 voce
1167 2285 1394 2332 lacessas.
1422 2290 1478 2331 51

184 2369 275 2404 DA.
312 2357 440 2411 Quin
475 2372 580 2418 age,
620 2355 654 2404 si
690 2353 805 2417 quid
833 2354 1009 2409 liabes;
1055 2353 1101 2399 in
1129 2368 1202 2399 me
1237 2367 1365 2398 mora
1392 2366 1483 2396 non

315 2423 401 2470 erit
436 2423 559 2470 ulla:

188 2487 286 2536 Nec
311 2506 580 2554 quenquam
616 2489 777 2554 fugio:
817 2491 1019 2551 tantum,
1046 2486 1197 2533 vicine
1223 2484 1482 2537 Palaemon,
