1602 2708
568 98 831 132 AENEIDOS
860 98 968 131 [ΑΒ.
1009 99 1045 131 1.
1387 98 1478 139 113

157 223 267 268 Non
292 219 396 281 opis
419 224 486 264 est
511 223 698 272 nostrae,
726 217 883 271 Dido;
935 233 1020 263 nec
1047 217 1275 280 quicquid
1303 218 1482 281 ubique

222 295 294 333 est

156 352 325 399 Gentis
343 349 612 404 Dardaniae,
639 365 860 410 magnum
879 366 986 411 quae
1006 366 1167 412 sparsa
1187 367 1268 411 per
1288 352 1450 397 orbem
1466 385 1478 397 .

157 419 220 464 Di
247 417 347 472 tibi,
374 416 412 462 si
437 432 530 478 qua
556 416 663 478 pios
687 425 957 478 respectant
982 418 1188 472 numina,
1217 418 1251 462 si
1274 418 1390 479 quid

155 485 368 545 Usquam
386 483 587 543 justitiae
612 491 681 529 est
703 491 750 530 et
775 499 904 528 mens
926 483 1016 530 sibi
1041 484 1228 530 conscia
1253 485 1386 540 recti,

155 549 354 596 Praemia
378 549 520 609 digna
544 548 712 595 ferant.
783 550 905 604 Quae
931 559 973 596 te
1002 560 1094 595 tam
1120 551 1225 596 laeta
1255 550 1460 598 tulerunt

155 616 374 664 Saecula'!
411 616 495 679 qui
521 616 638 662 tanti
664 617 804 662 talem
831 633 1034 677 genuere
1060 618 1315 678 parentes?

153 683 206 728 In
232 681 348 729 freta
373 682 488 729 dum
509 680 637 729 fluvii
654 691 860 738 current,
888 683 1003 729 dum
1029 684 1272 729 montibus
1301 684 1481 730 umbrae

152 749 448 796 Lustrabunt
471 765 697 805 convexa,
726 750 865 812 polus
891 749 1006 796 dum
1031 749 1185 796 sidera
1209 760 1401 812 pascet;

154 815 350 878 Semper
374 817 542 872 honos,
569 832 840 879 nomenque
866 826 1015 873 tuum,
1038 817 1298 879 laudesque
1325 834 1482 864 mane-

219 883 362 938 bunt;

155 949 278 1003 Quae
304 965 379 996 me
405 964 594 1010 cunque
618 957 794 996 vocant
819 957 973 996 terrae.
1014 949 1089 996 Sic
1112 948 1253 1007 fatus,
1273 950 1482 997 amicum

154 1015 335 1063 Ilionea
358 1016 479 1079 petit
502 1017 682 1072 dextra,
708 1017 929 1078 laevaque
955 1019 1192 1062 Serestum
1216 1033 1227 1063 t
1385 1015 1478 1065 611

158 1081 269 1129 Post
286 1083 414 1139 alios,
433 1081 701 1145 fortemque
714 1084 869 1146 Gyan,
883 1082 1151 1144 fortemque
1174 1084 1481 1132 Cloanthum.

219 1148 488 1212 Obstupuit
512 1150 666 1210 primo
689 1157 888 1212 aspectu
913 1150 1104 1197 Sidonia
1132 1150 1276 1207 Dido,

155 1215 282 1264 Casu
306 1216 477 1265 deinde
502 1216 588 1262 viri
613 1224 778 1273 tant03
815 1226 862 1264 et
887 1217 952 1263 sic
978 1233 1058 1264 ore
1092 1218 1252 1263 locuta
1277 1226 1381 1265 est:

155 1283 277 1337 Quis
302 1292 364 1340 te,
391 1291 499 1330 nate
527 1284 648 1339 Dea,
675 1299 762 1346 per
787 1292 917 1330 tanta
943 1283 1154 1345 pericula
1179 1300 1317 1331 casus

153 1349 460 1414 Insequitur!
497 1365 604 1411 quae
630 1349 698 1395 vis
722 1349 1009 1396 immanibus
1036 1350 1249 1412 applicat
1286 1351 1417 1398 oris?

154 1417 296 1464 Tune
320 1417 399 1463 ille
424 1418 610 1471 AEneas,
639 1432 782 1477 quem
810 1416 1050 1462 Dardanio
1076 1418 1300 1463 Anchisae

156 1484 293 1531 Alma
318 1485 477 1530 Venus
502 1482 690 1544 Phrygii
715 1484 878 1543 genuit
902 1483 1156 1530 Simoentis
1180 1484 1238 1529 ad
1266 1484 1482 1531 undam‘l

153 1552 314 1612 Atque
338 1549 566 1612 equidem
590 1549 837 1595 Teucrum
866 1550 1054 1596 memini
1080 1550 1259 1597 Sidona
1282 1552 1458 1608 venire,

152 1617 348 1664 Finibus
372 1616 622 1679 expulsum
649 1616 832 1677 patriis,
859 1633 981 1662 nova
1005 1633 1150 1678 regna.
1175 1625 1416 1679 petentem

152 1684 343 1730 Auxilio
369 1684 484 1729 Beli.
555 1683 759 1730 Genitor
783 1691 884 1730 tum
910 1684 1050 1730 Belus
1074 1683 1281 1745 opimam
1385 1685 1477 1734 621

151 1751 388 1798 Vastabat
408 1750 632 1814 Cyprum,
659 1757 706 1796 et
730 1751 881 1797 victor
905 1749 1083 1797 ditione
1103 1751 1314 1798 tenebat.

151 1816 429 1880 Tempore
408 1833 508 1879 jam
534 1833 592 1863 ex
618 1817 696 1863 illo
721 1833 858 1863 casus
884 1817 998 1863 mihi
1023 1818 1240 1878 cognitus
1270 1818 1398 1866 urbis

151 1883 393 1945 Trojanae,
421 1899 689 1946 nomenque
710 1891 861 1940 tuum,
888 1900 1116 1946 regesque
1145 1884 1348 1947 Pelasgi.

154 1950 261 2012 Ipse
285 1950 436 1997 hostis
460 1948 714 1997 Teucros
703 1950 874 2012 insigni
897 1950 1038 1997 laude
1063 1949 1263 2008 ferebat,

155 2018 310 2080 Seque
329 2027 488 2064 ortum
509 2016 707 2079 antiqua
725 2018 1025 2064 Teucrorum
1051 2033 1079 2062 a
1105 2017 1250 2079 stirpe
1268 2018 1481 2066 volebat.

156 2084 315 2138 Quare
338 2083 478 2147 agite,
505 2099 534 2130 o
559 2085 714 2139 tectis,
735 2082 955 2142 juvenes,
983 2084 1224 2131 succedite
1250 2085 1458 2132 nostris!

156 2150 239 2197 Me
260 2148 453 2214 qu'oque
478 2167 564 2213 per
588 2151 763 2197 multos
790 2150 953 2196 similis
978 2150 1169 2197 fortuna
1193 2150 1382 2197 labores

160 2215 405 2274 lactatam,
432 2218 520 2265 hac
544 2217 734 2264 demum
762 2217 910 2264 voluit
932 2217 1186 2263 consistere
1211 2214 1348 2264 terra.

157 2281 266 2328 Non
292 2283 453 2346 ignara
477 2284 603 2340 mali,
631 2283 806 2330 miseris
832 2300 1104 2331 succurrere
1130 2284 1283 2331 disco.
1387 2281 1483 2331 630

158 2348 235 2394 Sic
259 2358 504 2408 memorat,
526 2351 664 2397 simul
688 2352 868 2398 AEnean
893 2350 940 2396 in
963 2350 1093 2411 regia
1118 2350 1255 2397 ducit

158 2413 326 2472 Tecta,
353 2416 487 2463 simul
507 2417 680 2464 Divum
705 2417 895 2478 templis
920 2417 1088 2463 indicit
1113 2417 1360 2464 honorem.

159 2480 262 2528 Nec
287 2480 440 2528 minus
464 2482 644 2531 interea
669 2483 811 2530 sociis
835 2483 897 2530 ad
922 2483 1083 2530 littora
1109 2483 1255 2530 mittit

159 2547 333 2610 Viginti
359 2556 536 2607 tauros,
563 2565 840 2612 magnorum
868 2549 1105 2597 horrentia
1130 2557 1318 2596 centum
