1607 2700
549 63 817 99 AENEmos
858 62 973 95 ΜΒ.
1001 63 1078 94 vr.
1384 57 1473 98 225

151 187 270 240 Quae
296 185 430 247 quis
418 183 546 244 apud
574 198 789 245 superos,
829 181 962 227 furto
989 179 1212 227 laetatus
1200 182 1343 236 mani,

154 252 381 299 Distulit
371 268 416 297 in
443 267 591 296 seram
620 249 876 294 commissa
902 245 1093 310 piacula
1108 259 1325 294 mortem

148 317 388 365 Continuo
410 325 570 362 sontes
591 315 732 361 ultrix
753 314 968 361 accincta
995 312 1069 359 fla«
1061 314 1179 364 rello
1382 321 1478 369 570

150 386 411 446 Tisiphone
429 382 582 444 quatit
608 382 860 436 insultans,
884 390 1146 441 torvosque
1174 379 1360 426 sinistra

145 452 386 497 Intentans
412 465 607 510 angues,
638 458 777 494 vocat
799 447 985 508 agmina
1013 463 1137 492 saeva
1165 462 1395 492 sororum.

208 518 331 562 Tum
357 516 548 562 demum
575 516 825 561 horrisono
850 514 1100 560 stridentes
1122 512 1456 560 cardines-acre

144 584 420 629 Panduntur
444 591 611 645 portae.
683 580 864 636 Cernis,
887 580 1107 628 custodia
1135 579 1290 640 qualis

143 649 394 695 vestibulo
419 648 585 695 sedeat
609 651 627 695 ’ἒ
668 648 811 694 facies
832 664 939 710 qnae
965 646 1123 692 limina
1144 653 1300 692 servet
1324 646 1342 691 Ζ

141 715 508 778 Quinquaginta
532 716 646 762 atris
674 716 889 760 immanis
914 713 1124 760 hiatibus
1152 713 1303 776 hydra

141 783 320 829 Saevior
343 782 469 829 intus
496 783 641 829 habet
663 782 846 829 sedem.
887 788 988 826 tum
1014 782 1247 827 Tartarus
1273 779 1376 842 ipse

142 849 220 895 Bis
240 856 369 911 patet
402 849 449 895 in
487 865 704 912 praeceps
738 847 943 904 tantum,
983 847 1232 907 tenditque
1258 846 1349 892 sub
1378 862 1476 891 um-

280 915 406 973 bras,

141 983 364 1037 Quantus
388 982 448 1030 ad
475 983 737 1029 aethereum
765 981 874 1028 coeli
903 986 1161 1043 suspectus
1187 978 1472 1042 Olympum.

139 1049 232 1094 Hic
257 1065 406 1111 genus
427 1049 678 1111 antiquum
701 1058 853 1101 terrae,
889 1046 1077 1094 Titania
1102 1046 1275 1108 pubes,
1380 1051 1478 1092 580

139 1115 355 1163 Fulmine
380 1115 572 1176 dejecti,
611 1115 761 1161 fundo
783 1113 1069 1160 volvuntur
1059 1130 1102 1158 m
1128 1114 1242 1160 imo.

140 1182 236 1228 Hic
257 1191 306 1229 et
332 1182 528 1230 Aloidas
554 1182 784 1244 geminos,
810 1180 1018 1227 immani·
1012 1198 1054 1235 ι,
1093 1180 1208 1236 vidi,

140 1249 380 1310 Corpora,
409 1253 492 1312 qui
518 1249 733 1295 manibus
763 1264 984 1310 magnum
1012 1247 1275 1293 rescindere
1301 1243 1474 1292 coelum

139 1316 381 1377 Agnressi,
421 1316 705 1379 superisque
731 1315 822 1361 Jov
829 1331 902 1360 em
923 1313 1180 1360 detrudere
1200 1312 1375 1375 teonis.

138 1382 250 1428 Vidi
273 1390 320 1428 et
346 1382 565 1430 crudeles
594 1381 787 1427 dantem
815 1381 1062 1426 Salmonea
1088 1396 1268 1442 poenas,

139 1449 267 1494 Dum
289 1448 504 1495 flammas
527 1449 660 1497 Jovis
686 1456 732 1493 et
758 1447 938 1493 sonitus
958 1446 1169 1492 imitatur
1189 1443 1407 1507 Olympi.

138 1515 361 1569 Quatuor
386 1516 461 1562 hic
488 1517 703 1561 invectus
723 1514 859 1576 equis
884 1523 932 1560 et
956 1512 1173 1574 lampada
1202 1527 1453 1574 quassans,

138 1581 228 1627 Per
248 1582 452 1629 Graium
479 1582 684 1645 populos
709 1583 975 1642 mediaeque
1000 1595 1085 1642 per
1103 1579 1256 1626 Elidis
1284 1578 1452 1623 urbem

137 1649 244 1694 lbat
264 1665 428 1704 ovans,
456 1649 723 1710 Divfimque
750 1647 839 1694 sibi
864 1647 1103 1709 poscebat
1124 1647 1367 1692 bonorem.

138 1715 374 1761 Demens!
403 1716 484 1777 qui
504 1715 690 1762 nimbos
709 1723 759 1762 et
782 1730 876 1760 non
903 1713 1128 1759 imitabile
1149 1712 1329 1758 fulmen
1380 1717 1476 1766 590

136 1781 242 1827 AEre
279 1791 324 1827 et
352 1782 665 1844 cornipedum
689 1783 827 1828 cursu
856 1780 1103 1827 simularat
1122 1795 1373 1842 equorum.

136 1852 199 1894 At
227 1858 359 1909 pater
383 1851 685 1913 omnipotens
710 1848 858 1895 densa
884 1849 1002 1893 inter
1028 1846 1188 1892 nubila
1215 1846 1360 1892 telum

138 1914 379 1962 Contorsit
416 1923 527 1977 (non
555 1916 629 1962 ille
656 1914 799 1970 faces,
840 1931 925 1960 nec
954 1913 1109 1959 fumea
1134 1913 1273 1959 taedis
1405 1911 1409 1913 ’

138 1981 361 2039 Lumina)
382 1982 779 2046 praecipitemque
806 1981 1000 2027 immani
1023 1979 1209 2026 turbine
1230 1978 1404 2038 adegit.

137 2047 352 2094 Necnon
379 2058 426 2096 et
451 2049 651 2113 Tityon,
677 2049 836 2095 Terrae
849 2046 1191 2109 omniparentis
1209 2047 1472 2100 alumnum,

139 2114 344 2162 Cernere
370 2124 500 2162 erat:
540 2132 621 2177 per
647 2124 748 2161 tota
773 2131 941 2161 novem
971 2113 1233 2175 cuijugera
1262 2129 1439 2174 corpus

138 2179 398 2244 Porrigitur
423 2200 434 2237 ;
473 2192 723 2244 rostroque
749 2180 962 2227 immanis
984 2180 1142 2227 vultur
1161 2180 1356 2226 obunco

138 2247 408 2295 Immortale
425 2248 567 2310 jecur
592 2248 807 2303 tondenS‚
830 2247 1149 2308 soecundaque
1175 2246 1325 2309 poenis

140 2313 346 2371 Viscera,
368 2316 664 2377 rimaturque
689 2315 857 2376 epulis,
898 2315 1178 2374 habitatque
1204 2314 1292 2359 sub
1319 2312 1416 2357 alto

138 2379 335 2427 Pectore
360 2397 371 2427 :
409 2399 496 2430 uec
521 2382 652 2430 fibris
677 2380 862 2443 requies
879 2379 1019 2428 datur
1045 2380 1138 2426 ulla
1164 2378 1350 2426 renatis.
1374 2377 1473 2424 600

140 2445 266 2500 Quid
296 2464 547 2497 memorem
575 2448 824 2511 Lapithas,
867 2448 1046 2504 lxiona,
1075 2446 1472 2507 Pirithoiimque?
