<?xml version="1.0" encoding="UTF-8"?>
<!DOCTYPE html PUBLIC "-//W3C//DTD XHTML 1.0 Transitional//EN"
    "http://www.w3.org/TR/xhtml1/DTD/xhtml1-transitional.dtd">
<html xmlns="http://www.w3.org/1999/xhtml" xml:lang="en" lang="en">
 <head>
  <title>
</title>
<meta http-equiv="Content-Type" content="text/html;charset=utf-8" />
  <meta name='ocr-system' content='tesseract 3.04.00' />
  <meta name='ocr-capabilities' content='ocr_page ocr_carea ocr_par ocr_line ocrx_word'/>
</head>
<body>
  <div class='ocr_page' id='page_1' title='image "./operaadfidemopti00virguoft/operaadfidemopti00virguoft_0232.png"; bbox 0 0 1607 2700; ppageno 0'>
   <div class='ocr_carea' id='block_1_1' title="bbox 213 77 1183 121">
    <p class='ocr_par' dir='ltr' id='par_1_1' title="bbox 213 77 1183 121">
     <span class='ocr_line' id='line_1_1' title="bbox 213 77 1183 121; baseline -0.002 -3"><span class='ocrx_word' id='word_1_1' title='bbox 213 77 306 119; x_wconf 74' lang='lat'>228</span> <span class='ocrx_word' id='word_1_2' title='bbox 536 88 580 121; x_wconf 86' lang='lat' dir='ltr'>P.</span> <span class='ocrx_word' id='word_1_3' title='bbox 625 86 870 120; x_wconf 74' lang='lat' dir='ltr'>V1RG1L11</span> <span class='ocrx_word' id='word_1_4' title='bbox 918 83 1183 119; x_wconf 60' lang='lat' dir='ltr'>Manoms</span> 
     </span>
    </p>
   </div>
   <div class='ocr_carea' id='block_1_2' title="bbox 191 202 1515 2516">
    <p class='ocr_par' dir='ltr' id='par_1_2' title="bbox 196 202 1515 866">
     <span class='ocr_line' id='line_1_2' title="bbox 202 202 1515 267; baseline -0.002 -15"><span class='ocrx_word' id='word_1_5' title='bbox 202 207 324 261; x_wconf 82' lang='lat' dir='ltr'>Quae</span> <span class='ocrx_word' id='word_1_6' title='bbox 341 206 470 267; x_wconf 85' lang='lat' dir='ltr'>regio</span> <span class='ocrx_word' id='word_1_7' title='bbox 486 205 743 263; x_wconf 85' lang='lat' dir='ltr'>Anchisen,</span> <span class='ocrx_word' id='word_1_8' title='bbox 763 205 868 267; x_wconf 88' lang='lat' dir='ltr'>quis</span> <span class='ocrx_word' id='word_1_9' title='bbox 886 204 1033 251; x_wconf 87' lang='lat' dir='ltr'>habet</span> <span class='ocrx_word' id='word_1_10' title='bbox 1051 202 1221 249; x_wconf 63' lang='lat' dir='ltr'>locus?</span> <span class='ocrx_word' id='word_1_11' title='bbox 1260 202 1384 248; x_wconf 91' lang='lat' dir='ltr'>illius</span> <span class='ocrx_word' id='word_1_12' title='bbox 1404 207 1515 262; x_wconf 69' lang='lat' dir='ltr'>ergo</span> 
     </span>
     <span class='ocr_line' id='line_1_3' title="bbox 201 270 1422 334; baseline -0.004 -16"><span class='ocrx_word' id='word_1_13' title='bbox 201 273 445 328; x_wconf 83' lang='lat' dir='ltr'>Venimus,</span> <span class='ocrx_word' id='word_1_14' title='bbox 472 282 520 319; x_wconf 91' lang='lat' dir='ltr'>et</span> <span class='ocrx_word' id='word_1_15' title='bbox 547 289 741 334; x_wconf 82' lang='lat' dir='ltr'>magnos</span> <span class='ocrx_word' id='word_1_16' title='bbox 767 272 909 319; x_wconf 85' lang='lat' dir='ltr'>Erebi</span> <span class='ocrx_word' id='word_1_17' title='bbox 937 270 1224 318; x_wconf 81' lang='lat' dir='ltr'>tranavimus</span> <span class='ocrx_word' id='word_1_18' title='bbox 1243 285 1422 315; x_wconf 74' lang='lat' dir='ltr'>amnes.</span> 
     </span>
     <span class='ocr_line' id='line_1_4' title="bbox 201 336 1510 402; baseline -0.005 -16"><span class='ocrx_word' id='word_1_19' title='bbox 201 340 363 400; x_wconf 84' lang='lat' dir='ltr'><strong>Atque</strong></span> <span class='ocrx_word' id='word_1_20' title='bbox 389 339 501 385; x_wconf 87' lang='lat' dir='ltr'>huic</span> <span class='ocrx_word' id='word_1_21' title='bbox 526 356 810 402; x_wconf 89' lang='lat' dir='ltr'>responsum</span> <span class='ocrx_word' id='word_1_22' title='bbox 832 338 1001 401; x_wconf 83' lang='lat' dir='ltr'>paucis</span> <span class='ocrx_word' id='word_1_23' title='bbox 1026 338 1090 383; x_wconf 88' lang='lat' dir='ltr'>ita</span> <span class='ocrx_word' id='word_1_24' title='bbox 1111 336 1321 382; x_wconf 87' lang='lat' dir='ltr'>reddidit</span> <span class='ocrx_word' id='word_1_25' title='bbox 1343 337 1480 382; x_wconf 73' lang='lat' dir='ltr'>heros</span> <span class='ocrx_word' id='word_1_26' title='bbox 1501 352 1510 380; x_wconf 76' lang='grc' dir='ltr'>ε</span> 
     </span>
     <span class='ocr_line' id='line_1_5' title="bbox 199 402 1377 464; baseline -0.003 -13"><span class='ocrx_word' id='word_1_27' title='bbox 199 404 335 451; x_wconf 78' lang='lat' dir='ltr'>Nulli</span> <span class='ocrx_word' id='word_1_28' title='bbox 360 415 488 452; x_wconf 88' lang='lat' dir='ltr'>certa</span> <span class='ocrx_word' id='word_1_29' title='bbox 513 405 683 451; x_wconf 86' lang='lat' dir='ltr'>domus</span> <span class='ocrx_word' id='word_1_30' title='bbox 707 425 718 453; x_wconf 89' lang='lat'><strong>:</strong></span> <span class='ocrx_word' id='word_1_31' title='bbox 760 405 880 451; x_wconf 89' lang='lat' dir='ltr'>lucis</span> <span class='ocrx_word' id='word_1_32' title='bbox 897 405 1167 449; x_wconf 82' lang='lat' dir='ltr'>habitamus</span> <span class='ocrx_word' id='word_1_33' title='bbox 1193 402 1377 464; x_wconf 76' lang='lat' dir='ltr'>opacis,</span> 
     </span>
     <span class='ocr_line' id='line_1_6' title="bbox 199 469 1289 534; baseline -0.003 -16"><span class='ocrx_word' id='word_1_34' title='bbox 199 472 526 534; x_wconf 89' lang='lat' dir='ltr'>Riparumque</span> <span class='ocrx_word' id='word_1_35' title='bbox 552 483 680 517; x_wconf 85' lang='lat' dir='ltr'>toros</span> <span class='ocrx_word' id='word_1_36' title='bbox 706 479 754 517; x_wconf 91' lang='lat' dir='ltr'>et</span> <span class='ocrx_word' id='word_1_37' title='bbox 779 479 917 533; x_wconf 86' lang='lat' dir='ltr'>prata</span> <span class='ocrx_word' id='word_1_38' title='bbox 943 469 1155 516; x_wconf 85' lang='lat' dir='ltr'>recentia</span> <span class='ocrx_word' id='word_1_39' title='bbox 1180 469 1289 515; x_wconf 90' lang='lat' dir='ltr'>rivis</span> 
     </span>
     <span class='ocr_line' id='line_1_7' title="bbox 199 535 1476 593; baseline -0.002 -10"><span class='ocrx_word' id='word_1_40' title='bbox 199 538 476 585; x_wconf 86' lang='lat' dir='ltr'>Incolimus.</span> <span class='ocrx_word' id='word_1_41' title='bbox 550 537 643 583; x_wconf 87' lang='lat' dir='ltr'>Sed</span> <span class='ocrx_word' id='word_1_42' title='bbox 671 554 772 593; x_wconf 89' lang='lat' dir='ltr'>vos,</span> <span class='ocrx_word' id='word_1_43' title='bbox 801 537 838 582; x_wconf 89' lang='lat' dir='ltr'>si</span> <span class='ocrx_word' id='word_1_44' title='bbox 864 535 954 581; x_wconf 91' lang='lat' dir='ltr'>fert</span> <span class='ocrx_word' id='word_1_45' title='bbox 979 538 1044 582; x_wconf 90' lang='lat' dir='ltr'>ita</span> <span class='ocrx_word' id='word_1_46' title='bbox 1071 536 1214 582; x_wconf 88' lang='lat' dir='ltr'>corde</span> <span class='ocrx_word' id='word_1_47' title='bbox 1240 536 1476 590; x_wconf 85' lang='lat' dir='ltr'>voluntas,</span> 
     </span>
     <span class='ocr_line' id='line_1_8' title="bbox 196 601 1508 667; baseline -0.001 -18"><span class='ocrx_word' id='word_1_48' title='bbox 196 604 305 651; x_wconf 92' lang='lat' dir='ltr'>Hoc</span> <span class='ocrx_word' id='word_1_49' title='bbox 327 612 552 667; x_wconf 86' lang='lat' dir='ltr'>superate</span> <span class='ocrx_word' id='word_1_50' title='bbox 569 603 760 665; x_wconf 82' lang='lat' dir='ltr'>jugum,</span> <span class='ocrx_word' id='word_1_51' title='bbox 781 612 828 649; x_wconf 90' lang='lat' dir='ltr'>et</span> <span class='ocrx_word' id='word_1_52' title='bbox 847 601 974 648; x_wconf 82' lang='lat' dir='ltr'>facili</span> <span class='ocrx_word' id='word_1_53' title='bbox 991 601 1095 662; x_wconf 79' lang='lat' dir='ltr'>jani</span> <span class='ocrx_word' id='word_1_54' title='bbox 1117 602 1304 650; x_wconf 81' lang='lat' dir='ltr'>tramite</span> <span class='ocrx_word' id='word_1_55' title='bbox 1325 603 1508 648; x_wconf 79' lang='lat' dir='ltr'>sistam.</span> 
     </span>
     <span class='ocr_line' id='line_1_9' title="bbox 199 669 1506 731; baseline -0.002 -15"><span class='ocrx_word' id='word_1_56' title='bbox 199 671 332 718; x_wconf 82' lang='lat' dir='ltr'>Dixit</span> <span class='ocrx_word' id='word_1_57' title='bbox 353 688 364 725; x_wconf 93' lang='lat'>;</span> <span class='ocrx_word' id='word_1_58' title='bbox 403 683 447 717; x_wconf 85' lang='lat' dir='ltr'>et</span> <span class='ocrx_word' id='word_1_59' title='bbox 468 670 577 715; x_wconf 76' lang='lat' dir='ltr'>ante</span> <span class='ocrx_word' id='word_1_60' title='bbox 604 670 711 715; x_wconf 79' lang='lat' dir='ltr'>tulit</span> <span class='ocrx_word' id='word_1_61' title='bbox 733 685 964 731; x_wconf 85' lang='lat' dir='ltr'>gressum,</span> <span class='ocrx_word' id='word_1_62' title='bbox 988 684 1283 731; x_wconf 84' lang='lat' dir='ltr'>camposque</span> <span class='ocrx_word' id='word_1_63' title='bbox 1307 669 1506 715; x_wconf 88' lang='lat' dir='ltr'>nitentes</span> 
     </span>
     <span class='ocr_line' id='line_1_10' title="bbox 198 735 1508 799; baseline -0.002 -16"><span class='ocrx_word' id='word_1_64' title='bbox 198 739 420 799; x_wconf 86' lang='lat' dir='ltr'>Desuper</span> <span class='ocrx_word' id='word_1_65' title='bbox 460 744 702 790; x_wconf 80' lang='lat' dir='ltr'>ostentat3</span> <span class='ocrx_word' id='word_1_66' title='bbox 741 735 916 781; x_wconf 84' lang='lat' dir='ltr'>debinc</span> <span class='ocrx_word' id='word_1_67' title='bbox 949 751 1131 781; x_wconf 86' lang='lat' dir='ltr'>summa</span> <span class='ocrx_word' id='word_1_68' title='bbox 1152 735 1508 781; x_wconf 87' lang='lat' dir='ltr'>cacuminalin-</span> 
     </span>
     <span class='ocr_line' id='line_1_11' title="bbox 330 812 931 866; baseline -0.017 -15"><span class='ocrx_word' id='word_1_69' title='bbox 330 812 499 866; x_wconf 63' lang='lat' dir='ltr'>quunh</span> <span class='ocrx_word' id='word_1_70' title='bbox 928 836 931 841; x_wconf 86' lang='lat'>.</span> 
     </span>
    </p>

    <p class='ocr_par' dir='ltr' id='par_1_3' title="bbox 192 867 1510 1531">
     <span class='ocr_line' id='line_1_12' title="bbox 263 867 1409 932; baseline -0.003 -16"><span class='ocrx_word' id='word_1_71' title='bbox 263 872 329 917; x_wconf 88' lang='lat' dir='ltr'>At</span> <span class='ocrx_word' id='word_1_72' title='bbox 353 880 492 932; x_wconf 86' lang='lat' dir='ltr'>pater</span> <span class='ocrx_word' id='word_1_73' title='bbox 518 869 755 916; x_wconf 86' lang='lat' dir='ltr'>Anchises</span> <span class='ocrx_word' id='word_1_74' title='bbox 781 869 974 932; x_wconf 87' lang='lat' dir='ltr'>penitus</span> <span class='ocrx_word' id='word_1_75' title='bbox 1002 868 1214 914; x_wconf 89' lang='lat' dir='ltr'>convalle</span> <span class='ocrx_word' id='word_1_76' title='bbox 1241 867 1409 914; x_wconf 89' lang='lat' dir='ltr'>virenti</span> 
     </span>
     <span class='ocr_line' id='line_1_13' title="bbox 194 933 1507 998; baseline -0.001 -16"><span class='ocrx_word' id='word_1_77' title='bbox 194 936 413 983; x_wconf 87' lang='lat' dir='ltr'>Inclusas</span> <span class='ocrx_word' id='word_1_78' title='bbox 435 936 635 991; x_wconf 84' lang='lat' dir='ltr'>animas,</span> <span class='ocrx_word' id='word_1_79' title='bbox 655 952 974 998; x_wconf 85' lang='lat' dir='ltr'>superumque</span> <span class='ocrx_word' id='word_1_80' title='bbox 987 937 1044 981; x_wconf 90' lang='lat' dir='ltr'>ad</span> <span class='ocrx_word' id='word_1_81' title='bbox 1061 936 1217 981; x_wconf 88' lang='lat' dir='ltr'>lumen</span> <span class='ocrx_word' id='word_1_82' title='bbox 1235 935 1394 989; x_wconf 58' lang='lat' dir='ltr'>ituras,</span> <span class='ocrx_word' id='word_1_83' title='bbox 1414 933 1507 980; x_wconf 65' lang='lat' dir='ltr'>(iso</span> 
     </span>
     <span class='ocr_line' id='line_1_14' title="bbox 193 1003 1459 1063; baseline -0.002 -14"><span class='ocrx_word' id='word_1_84' title='bbox 193 1004 452 1050; x_wconf 76' lang='lat' dir='ltr'>Lustrabat</span> <span class='ocrx_word' id='word_1_85' title='bbox 477 1003 637 1049; x_wconf 90' lang='lat' dir='ltr'>studio</span> <span class='ocrx_word' id='word_1_86' title='bbox 662 1003 878 1048; x_wconf 87' lang='lat' dir='ltr'>recolens</span> <span class='ocrx_word' id='word_1_87' title='bbox 899 1020 909 1056; x_wconf 94' lang='lat'>;</span> <span class='ocrx_word' id='word_1_88' title='bbox 950 1018 1238 1063; x_wconf 84' lang='lat' dir='ltr'>omnemque</span> <span class='ocrx_word' id='word_1_89' title='bbox 1265 1018 1459 1047; x_wconf 82' lang='lat' dir='ltr'>suorum</span> 
     </span>
     <span class='ocr_line' id='line_1_15' title="bbox 195 1070 1441 1130; baseline -0.002 -15"><span class='ocrx_word' id='word_1_90' title='bbox 195 1070 338 1117; x_wconf 79' lang='lat' dir='ltr'>Forte</span> <span class='ocrx_word' id='word_1_91' title='bbox 364 1070 649 1116; x_wconf 79' lang='lat' dir='ltr'>recensebat</span> <span class='ocrx_word' id='word_1_92' title='bbox 674 1085 939 1125; x_wconf 87' lang='lat' dir='ltr'>numerum,</span> <span class='ocrx_word' id='word_1_93' title='bbox 967 1084 1198 1129; x_wconf 84' lang='lat' dir='ltr'>carosque</span> <span class='ocrx_word' id='word_1_94' title='bbox 1225 1077 1441 1130; x_wconf 83' lang='lat' dir='ltr'>nepotes,</span> 
     </span>
     <span class='ocr_line' id='line_1_16' title="bbox 194 1135 1507 1199; baseline -0.002 -17"><span class='ocrx_word' id='word_1_95' title='bbox 194 1137 425 1199; x_wconf 84' lang='lat' dir='ltr'>Fataque,</span> <span class='ocrx_word' id='word_1_96' title='bbox 438 1136 750 1197; x_wconf 84' lang='lat' dir='ltr'>fortunasque</span> <span class='ocrx_word' id='word_1_97' title='bbox 768 1135 939 1191; x_wconf 79' lang='lat' dir='ltr'>virssm,</span> <span class='ocrx_word' id='word_1_98' title='bbox 953 1150 1507 1196; x_wconf 88' lang='lat' dir='ltr'>moresque,manusque.</span> 
     </span>
     <span class='ocr_line' id='line_1_17' title="bbox 192 1201 1510 1265; baseline -0.001 -17"><span class='ocrx_word' id='word_1_99' title='bbox 192 1203 338 1265; x_wconf 86' lang='lat' dir='ltr'>Isque</span> <span class='ocrx_word' id='word_1_100' title='bbox 365 1204 447 1249; x_wconf 90' lang='lat' dir='ltr'>ubi</span> <span class='ocrx_word' id='word_1_101' title='bbox 470 1203 748 1249; x_wconf 86' lang='lat' dir='ltr'>tendentem</span> <span class='ocrx_word' id='word_1_102' title='bbox 772 1202 1023 1248; x_wconf 77' lang='lat' dir='ltr'>adversum</span> <span class='ocrx_word' id='word_1_103' title='bbox 1052 1218 1135 1263; x_wconf 88' lang='lat' dir='ltr'>per</span> <span class='ocrx_word' id='word_1_104' title='bbox 1159 1201 1368 1261; x_wconf 82' lang='lat' dir='ltr'>gramina</span> <span class='ocrx_word' id='word_1_105' title='bbox 1394 1201 1510 1247; x_wconf 88' lang='lat' dir='ltr'>vidit</span> 
     </span>
     <span class='ocr_line' id='line_1_18' title="bbox 192 1268 1338 1332; baseline -0.003 -16"><span class='ocrx_word' id='word_1_106' title='bbox 192 1271 372 1317; x_wconf 85' lang='lat' dir='ltr'>AEnean</span> <span class='ocrx_word' id='word_1_107' title='bbox 396 1287 408 1317; x_wconf 72' lang='grc' dir='ltr'>ε</span> <span class='ocrx_word' id='word_1_108' title='bbox 447 1269 617 1316; x_wconf 87' lang='lat' dir='ltr'>alacris</span> <span class='ocrx_word' id='word_1_109' title='bbox 643 1271 825 1332; x_wconf 83' lang='lat' dir='ltr'>palmas</span> <span class='ocrx_word' id='word_1_110' title='bbox 854 1278 1080 1330; x_wconf 86' lang='lat' dir='ltr'>utrasque</span> <span class='ocrx_word' id='word_1_111' title='bbox 1102 1268 1338 1323; x_wconf 85' lang='lat' dir='ltr'>tetendit;</span> 
     </span>
     <span class='ocr_line' id='line_1_19' title="bbox 193 1334 1427 1398; baseline -0.002 -15"><span class='ocrx_word' id='word_1_112' title='bbox 193 1336 474 1398; x_wconf 86' lang='lat' dir='ltr'>Effusaeque</span> <span class='ocrx_word' id='word_1_113' title='bbox 494 1337 625 1397; x_wconf 84' lang='lat' dir='ltr'>genis</span> <span class='ocrx_word' id='word_1_114' title='bbox 652 1337 895 1398; x_wconf 69' lang='lat' dir='ltr'>lacrymae,</span> <span class='ocrx_word' id='word_1_115' title='bbox 922 1345 969 1381; x_wconf 90' lang='lat' dir='ltr'>et</span> <span class='ocrx_word' id='word_1_116' title='bbox 996 1352 1087 1380; x_wconf 76' lang='lat' dir='ltr'>vox</span> <span class='ocrx_word' id='word_1_117' title='bbox 1107 1334 1287 1380; x_wconf 86' lang='lat' dir='ltr'>excidit</span> <span class='ocrx_word' id='word_1_118' title='bbox 1311 1350 1392 1380; x_wconf 90' lang='lat' dir='ltr'>ore</span> <span class='ocrx_word' id='word_1_119' title='bbox 1414 1351 1427 1381; x_wconf 69' lang='grc' dir='ltr'>ε</span> 
     </span>
     <span class='ocr_line' id='line_1_20' title="bbox 197 1400 1315 1464; baseline -0.003 -15"><span class='ocrx_word' id='word_1_120' title='bbox 197 1403 376 1450; x_wconf 88' lang='lat' dir='ltr'>Venisti</span> <span class='ocrx_word' id='word_1_121' title='bbox 401 1403 614 1459; x_wconf 84' lang='lat' dir='ltr'>tandem,</span> <span class='ocrx_word' id='word_1_122' title='bbox 643 1411 822 1464; x_wconf 90' lang='lat' dir='ltr'>tuaque</span> <span class='ocrx_word' id='word_1_123' title='bbox 847 1409 1103 1464; x_wconf 78' lang='lat' dir='ltr'>expectata</span> <span class='ocrx_word' id='word_1_124' title='bbox 1129 1400 1315 1463; x_wconf 87' lang='lat' dir='ltr'>parenti</span> 
     </span>
     <span class='ocr_line' id='line_1_21' title="bbox 200 1468 1296 1531; baseline -0.002 -15"><span class='ocrx_word' id='word_1_125' title='bbox 200 1470 323 1517; x_wconf 87' lang='lat' dir='ltr'>Vicit</span> <span class='ocrx_word' id='word_1_126' title='bbox 348 1470 435 1516; x_wconf 90' lang='lat' dir='ltr'>iter</span> <span class='ocrx_word' id='word_1_127' title='bbox 459 1469 630 1516; x_wconf 89' lang='lat' dir='ltr'>durum</span> <span class='ocrx_word' id='word_1_128' title='bbox 660 1469 848 1531; x_wconf 62' lang='lat' dir='ltr'>pietas?</span> <span class='ocrx_word' id='word_1_129' title='bbox 884 1469 1027 1515; x_wconf 89' lang='lat' dir='ltr'>datur</span> <span class='ocrx_word' id='word_1_130' title='bbox 1051 1485 1132 1514; x_wconf 87' lang='lat' dir='ltr'>ora</span> <span class='ocrx_word' id='word_1_131' title='bbox 1158 1468 1296 1524; x_wconf 90' lang='lat' dir='ltr'>tueri,</span> 
     </span>
    </p>

    <p class='ocr_par' dir='ltr' id='par_1_4' title="bbox 191 1534 1507 2396">
     <span class='ocr_line' id='line_1_22' title="bbox 191 1534 1507 1593; baseline 0 -10"><span class='ocrx_word' id='word_1_132' title='bbox 191 1537 335 1593; x_wconf 87' lang='lat' dir='ltr'>Nate,</span> <span class='ocrx_word' id='word_1_133' title='bbox 361 1545 460 1592; x_wconf 88' lang='lat' dir='ltr'>tua,</span> <span class='ocrx_word' id='word_1_134' title='bbox 487 1545 536 1582; x_wconf 91' lang='lat' dir='ltr'>et</span> <span class='ocrx_word' id='word_1_135' title='bbox 560 1544 696 1583; x_wconf 88' lang='lat' dir='ltr'>notas</span> <span class='ocrx_word' id='word_1_136' title='bbox 718 1535 883 1582; x_wconf 88' lang='lat' dir='ltr'>audire</span> <span class='ocrx_word' id='word_1_137' title='bbox 907 1544 956 1582; x_wconf 93' lang='lat' dir='ltr'>et</span> <span class='ocrx_word' id='word_1_138' title='bbox 971 1534 1174 1582; x_wconf 88' lang='lat' dir='ltr'>reddere</span> <span class='ocrx_word' id='word_1_139' title='bbox 1199 1536 1383 1582; x_wconf 74' lang='lat' dir='ltr'>voces?</span> <span class='ocrx_word' id='word_1_140' title='bbox 1409 1534 1507 1592; x_wconf 84' lang='lat'>689</span> 
     </span>
     <span class='ocr_line' id='line_1_23' title="bbox 192 1601 1482 1666; baseline -0.002 -16"><span class='ocrx_word' id='word_1_141' title='bbox 192 1604 270 1650; x_wconf 89' lang='lat' dir='ltr'>Sic</span> <span class='ocrx_word' id='word_1_142' title='bbox 295 1603 522 1666; x_wconf 88' lang='lat' dir='ltr'>equidem</span> <span class='ocrx_word' id='word_1_143' title='bbox 547 1601 782 1648; x_wconf 85' lang='lat' dir='ltr'>ducebam</span> <span class='ocrx_word' id='word_1_144' title='bbox 807 1601 965 1648; x_wconf 87' lang='lat' dir='ltr'>animo</span> <span class='ocrx_word' id='word_1_145' title='bbox 989 1602 1222 1664; x_wconf 86' lang='lat' dir='ltr'>rebarque</span> <span class='ocrx_word' id='word_1_146' title='bbox 1248 1601 1482 1658; x_wconf 86' lang='lat' dir='ltr'>futurum,</span> 
     </span>
     <span class='ocr_line' id='line_1_24' title="bbox 191 1667 1491 1733; baseline -0.002 -17"><span class='ocrx_word' id='word_1_147' title='bbox 191 1669 440 1733; x_wconf 88' lang='lat' dir='ltr'>Tempora</span> <span class='ocrx_word' id='word_1_148' title='bbox 464 1669 801 1724; x_wconf 87' lang='lat' dir='ltr'>dinumerans;</span> <span class='ocrx_word' id='word_1_149' title='bbox 841 1684 928 1714; x_wconf 87' lang='lat' dir='ltr'>nec</span> <span class='ocrx_word' id='word_1_150' title='bbox 955 1683 1027 1713; x_wconf 87' lang='lat' dir='ltr'>me</span> <span class='ocrx_word' id='word_1_151' title='bbox 1055 1684 1155 1713; x_wconf 90' lang='lat' dir='ltr'>mea</span> <span class='ocrx_word' id='word_1_152' title='bbox 1179 1684 1292 1714; x_wconf 88' lang='lat' dir='ltr'>cura</span> <span class='ocrx_word' id='word_1_153' title='bbox 1313 1667 1491 1714; x_wconf 81' lang='lat' dir='ltr'>fefellit.</span> 
     </span>
     <span class='ocr_line' id='line_1_25' title="bbox 192 1737 1502 1799; baseline -0.002 -16"><span class='ocrx_word' id='word_1_154' title='bbox 192 1737 329 1792; x_wconf 80' lang='lat' dir='ltr'>Quas</span> <span class='ocrx_word' id='word_1_155' title='bbox 354 1752 443 1799; x_wconf 82' lang='lat' dir='ltr'>ego</span> <span class='ocrx_word' id='word_1_156' title='bbox 469 1744 514 1782; x_wconf 92' lang='lat' dir='ltr'>te</span> <span class='ocrx_word' id='word_1_157' title='bbox 539 1743 694 1782; x_wconf 84' lang='lat' dir='ltr'>terras</span> <span class='ocrx_word' id='word_1_158' title='bbox 714 1745 758 1781; x_wconf 83' lang='lat' dir='ltr'>et</span> <span class='ocrx_word' id='word_1_159' title='bbox 779 1744 957 1797; x_wconf 88' lang='lat' dir='ltr'>quanta</span> <span class='ocrx_word' id='word_1_160' title='bbox 979 1750 1063 1795; x_wconf 89' lang='lat' dir='ltr'>per</span> <span class='ocrx_word' id='word_1_161' title='bbox 1079 1750 1273 1796; x_wconf 84' lang='lat' dir='ltr'>aequora</span> <span class='ocrx_word' id='word_1_162' title='bbox 1293 1742 1502 1791; x_wconf 83' lang='lat' dir='ltr'>vectum,</span> 
     </span>
     <span class='ocr_line' id='line_1_26' title="bbox 191 1800 1337 1865; baseline -0.003 -15"><span class='ocrx_word' id='word_1_163' title='bbox 191 1803 428 1865; x_wconf 88' lang='lat' dir='ltr'>Accipio!</span> <span class='ocrx_word' id='word_1_164' title='bbox 468 1803 660 1864; x_wconf 86' lang='lat' dir='ltr'>quantis</span> <span class='ocrx_word' id='word_1_165' title='bbox 679 1801 937 1862; x_wconf 88' lang='lat' dir='ltr'>jactatum,</span> <span class='ocrx_word' id='word_1_166' title='bbox 965 1809 1089 1855; x_wconf 89' lang='lat' dir='ltr'>nate,</span> <span class='ocrx_word' id='word_1_167' title='bbox 1118 1800 1337 1862; x_wconf 76' lang='lat' dir='ltr'>periclis!</span> 
     </span>
     <span class='ocr_line' id='line_1_27' title="bbox 193 1867 1500 1931; baseline -0.002 -15"><span class='ocrx_word' id='word_1_168' title='bbox 193 1871 349 1924; x_wconf 75' lang='lat' dir='ltr'>Quam</span> <span class='ocrx_word' id='word_1_169' title='bbox 376 1869 540 1925; x_wconf 89' lang='lat' dir='ltr'>metui,</span> <span class='ocrx_word' id='word_1_170' title='bbox 566 1884 626 1915; x_wconf 92' lang='lat' dir='ltr'>ne</span> <span class='ocrx_word' id='word_1_171' title='bbox 652 1869 767 1931; x_wconf 88' lang='lat' dir='ltr'>quid</span> <span class='ocrx_word' id='word_1_172' title='bbox 790 1868 956 1929; x_wconf 79' lang='lat' dir='ltr'>Libyae</span> <span class='ocrx_word' id='word_1_173' title='bbox 976 1867 1063 1913; x_wconf 86' lang='lat' dir='ltr'>tibi</span> <span class='ocrx_word' id='word_1_174' title='bbox 1087 1883 1226 1928; x_wconf 85' lang='lat' dir='ltr'>regna</span> <span class='ocrx_word' id='word_1_175' title='bbox 1249 1869 1500 1914; x_wconf 80' lang='lat' dir='ltr'>nocerent!</span> 
     </span>
     <span class='ocr_line' id='line_1_28' title="bbox 193 1934 1437 1996; baseline -0.002 -14"><span class='ocrx_word' id='word_1_176' title='bbox 193 1937 278 1983; x_wconf 90' lang='lat' dir='ltr'>Ille</span> <span class='ocrx_word' id='word_1_177' title='bbox 303 1945 495 1983; x_wconf 79' lang='lat' dir='ltr'>autem:</span> <span class='ocrx_word' id='word_1_178' title='bbox 531 1935 639 1982; x_wconf 85' lang='lat' dir='ltr'>Tua</span> <span class='ocrx_word' id='word_1_179' title='bbox 660 1951 750 1991; x_wconf 88' lang='lat' dir='ltr'>me,</span> <span class='ocrx_word' id='word_1_180' title='bbox 775 1934 972 1996; x_wconf 84' lang='lat' dir='ltr'>genitor,</span> <span class='ocrx_word' id='word_1_181' title='bbox 1001 1944 1080 1980; x_wconf 91' lang='lat' dir='ltr'>tua</span> <span class='ocrx_word' id='word_1_182' title='bbox 1107 1935 1253 1980; x_wconf 82' lang='lat' dir='ltr'>tristis</span> <span class='ocrx_word' id='word_1_183' title='bbox 1282 1934 1437 1996; x_wconf 77' lang='lat' dir='ltr'>imago</span> 
     </span>
     <span class='ocr_line' id='line_1_29' title="bbox 194 2000 1400 2066; baseline -0.002 -16"><span class='ocrx_word' id='word_1_184' title='bbox 194 2003 377 2066; x_wconf 75' lang='lat' dir='ltr'>Saepius</span> <span class='ocrx_word' id='word_1_185' title='bbox 404 2018 663 2049; x_wconf 87' lang='lat' dir='ltr'>occurrens</span> <span class='ocrx_word' id='word_1_186' title='bbox 692 2004 794 2047; x_wconf 82' lang='lat' dir='ltr'>haec</span> <span class='ocrx_word' id='word_1_187' title='bbox 815 2001 981 2047; x_wconf 86' lang='lat' dir='ltr'>limina</span> <span class='ocrx_word' id='word_1_188' title='bbox 1006 2000 1197 2047; x_wconf 86' lang='lat' dir='ltr'>tendere</span> <span class='ocrx_word' id='word_1_189' title='bbox 1223 2001 1400 2062; x_wconf 71' lang='lat' dir='ltr'>adegit.</span> 
     </span>
     <span class='ocr_line' id='line_1_30' title="bbox 194 2067 1500 2132; baseline -0.002 -15"><span class='ocrx_word' id='word_1_190' title='bbox 194 2071 335 2117; x_wconf 88' lang='lat' dir='ltr'>Stant</span> <span class='ocrx_word' id='word_1_191' title='bbox 355 2071 454 2116; x_wconf 88' lang='lat' dir='ltr'>sale</span> <span class='ocrx_word' id='word_1_192' title='bbox 470 2068 721 2132; x_wconf 74' lang='lat' dir='ltr'>Tyrrheno</span> <span class='ocrx_word' id='word_1_193' title='bbox 742 2069 932 2114; x_wconf 84' lang='lat' dir='ltr'>classes.</span> <span class='ocrx_word' id='word_1_194' title='bbox 962 2069 1031 2112; x_wconf 80' lang='lat' dir='ltr'>Da</span> <span class='ocrx_word' id='word_1_195' title='bbox 1047 2067 1246 2127; x_wconf 71' lang='lat' dir='ltr'>jungere</span> <span class='ocrx_word' id='word_1_196' title='bbox 1267 2068 1500 2124; x_wconf 71' lang='lat' dir='ltr'>dextram,</span> 
     </span>
     <span class='ocr_line' id='line_1_31' title="bbox 194 2135 1484 2198; baseline -0.002 -15"><span class='ocrx_word' id='word_1_197' title='bbox 194 2138 286 2193; x_wconf 78' lang='lat' dir='ltr'>Da,</span> <span class='ocrx_word' id='word_1_198' title='bbox 313 2137 527 2198; x_wconf 83' lang='lat' dir='ltr'>genitor;</span> <span class='ocrx_word' id='word_1_199' title='bbox 569 2144 710 2198; x_wconf 83' lang='lat' dir='ltr'>teque</span> <span class='ocrx_word' id='word_1_200' title='bbox 731 2136 955 2196; x_wconf 74' lang='lat' dir='ltr'>amplexu</span> <span class='ocrx_word' id='word_1_201' title='bbox 985 2151 1039 2180; x_wconf 92' lang='lat' dir='ltr'>ne</span> <span class='ocrx_word' id='word_1_202' title='bbox 1064 2135 1286 2179; x_wconf 78' lang='lat' dir='ltr'>subtrahe</span> <span class='ocrx_word' id='word_1_203' title='bbox 1307 2146 1484 2181; x_wconf 77' lang='lat' dir='ltr'>nostro.</span> 
     </span>
     <span class='ocr_line' id='line_1_32' title="bbox 193 2201 1371 2264; baseline 0 -16"><span class='ocrx_word' id='word_1_204' title='bbox 193 2203 271 2249; x_wconf 89' lang='lat' dir='ltr'>Sic</span> <span class='ocrx_word' id='word_1_205' title='bbox 299 2217 577 2257; x_wconf 85' lang='lat' dir='ltr'>memorans,</span> <span class='ocrx_word' id='word_1_206' title='bbox 604 2202 740 2264; x_wconf 82' lang='lat' dir='ltr'>largo</span> <span class='ocrx_word' id='word_1_207' title='bbox 767 2201 879 2247; x_wconf 82' lang='lat' dir='ltr'>fletu</span> <span class='ocrx_word' id='word_1_208' title='bbox 907 2201 1039 2247; x_wconf 80' lang='lat' dir='ltr'>simul</span> <span class='ocrx_word' id='word_1_209' title='bbox 1067 2217 1144 2246; x_wconf 87' lang='lat' dir='ltr'>ora</span> <span class='ocrx_word' id='word_1_210' title='bbox 1170 2201 1371 2261; x_wconf 63' lang='lat' dir='ltr'>rigabat.</span> 
     </span>
     <span class='ocr_line' id='line_1_33' title="bbox 192 2267 1501 2322; baseline -0.001 -6"><span class='ocrx_word' id='word_1_211' title='bbox 192 2269 294 2316; x_wconf 90' lang='lat' dir='ltr'>Ter</span> <span class='ocrx_word' id='word_1_212' title='bbox 318 2278 518 2315; x_wconf 82' lang='lat' dir='ltr'>conatus</span> <span class='ocrx_word' id='word_1_213' title='bbox 544 2268 608 2313; x_wconf 89' lang='lat' dir='ltr'>ibi</span> <span class='ocrx_word' id='word_1_214' title='bbox 630 2271 754 2314; x_wconf 82' lang='lat' dir='ltr'>collo</span> <span class='ocrx_word' id='word_1_215' title='bbox 777 2269 887 2313; x_wconf 86' lang='lat' dir='ltr'>dare</span> <span class='ocrx_word' id='word_1_216' title='bbox 918 2267 1114 2313; x_wconf 80' lang='lat' dir='ltr'>brachia</span> <span class='ocrx_word' id='word_1_217' title='bbox 1139 2267 1318 2313; x_wconf 72' lang='lat' dir='ltr'>circuni</span> <span class='ocrx_word' id='word_1_218' title='bbox 1339 2285 1349 2320; x_wconf 92' lang='grc'><strong>;</strong></span> <span class='ocrx_word' id='word_1_219' title='bbox 1406 2275 1501 2322; x_wconf 76' lang='lat'>700</span> 
     </span>
     <span class='ocr_line' id='line_1_34' title="bbox 191 2333 1378 2396; baseline -0.003 -13"><span class='ocrx_word' id='word_1_220' title='bbox 191 2337 289 2383; x_wconf 91' lang='lat' dir='ltr'>Ter</span> <span class='ocrx_word' id='word_1_221' title='bbox 313 2336 488 2382; x_wconf 88' lang='lat' dir='ltr'>frustra</span> <span class='ocrx_word' id='word_1_222' title='bbox 514 2334 796 2396; x_wconf 80' lang='lat' dir='ltr'>comprensa</span> <span class='ocrx_word' id='word_1_223' title='bbox 821 2351 986 2380; x_wconf 84' lang='lat' dir='ltr'>manus</span> <span class='ocrx_word' id='word_1_224' title='bbox 1012 2333 1176 2395; x_wconf 73' lang='lat' dir='ltr'>effugit</span> <span class='ocrx_word' id='word_1_225' title='bbox 1203 2335 1378 2396; x_wconf 79' lang='lat' dir='ltr'>imago,</span> 
     </span>
    </p>

    <p class='ocr_par' dir='ltr' id='par_1_5' title="bbox 194 2400 1467 2463">
     <span class='ocr_line' id='line_1_35' title="bbox 194 2400 1467 2463; baseline -0.003 -13"><span class='ocrx_word' id='word_1_226' title='bbox 194 2404 286 2450; x_wconf 88' lang='lat' dir='ltr'>Par</span> <span class='ocrx_word' id='word_1_227' title='bbox 308 2402 497 2449; x_wconf 85' lang='lat' dir='ltr'>levibus</span> <span class='ocrx_word' id='word_1_228' title='bbox 522 2401 692 2456; x_wconf 85' lang='lat' dir='ltr'>ventis,</span> <span class='ocrx_word' id='word_1_229' title='bbox 722 2401 1000 2463; x_wconf 81' lang='lat' dir='ltr'>volucrique</span> <span class='ocrx_word' id='word_1_230' title='bbox 1025 2400 1260 2446; x_wconf 74' lang='lat' dir='ltr'>simillima</span> <span class='ocrx_word' id='word_1_231' title='bbox 1282 2417 1467 2447; x_wconf 90' lang='lat' dir='ltr'>somno.</span> 
     </span>
    </p>

    <p class='ocr_par' dir='ltr' id='par_1_6' title="bbox 261 2466 1235 2516">
     <span class='ocr_line' id='line_1_36' title="bbox 261 2466 1235 2516; baseline -0.003 0"><span class='ocrx_word' id='word_1_232' title='bbox 261 2469 446 2516; x_wconf 85' lang='lat' dir='ltr'>Interea</span> <span class='ocrx_word' id='word_1_233' title='bbox 468 2467 597 2514; x_wconf 81' lang='lat' dir='ltr'>videt</span> <span class='ocrx_word' id='word_1_234' title='bbox 622 2468 792 2514; x_wconf 84' lang='lat' dir='ltr'>AEneas</span> <span class='ocrx_word' id='word_1_235' title='bbox 819 2468 862 2512; x_wconf 89' lang='lat' dir='ltr'>in</span> <span class='ocrx_word' id='word_1_236' title='bbox 893 2467 1009 2512; x_wconf 77' lang='lat' dir='ltr'>valle</span> <span class='ocrx_word' id='word_1_237' title='bbox 1037 2466 1235 2513; x_wconf 68' lang='lat' dir='ltr'>reducta</span> 
     </span>
    </p>
   </div>
  </div>
 </body>
</html>
