1614 2694
490 72 494 77 ’
549 77 866 113 GEoRfflcA.
906 78 1014 112 121ss.
1056 77 1094 111 1.
1410 70 1473 119 39

173 174 391 223 Coerulefi
416 173 568 237 glacie
593 180 831 219 concretae
857 180 1001 234 atque
1024 172 1256 219 imbribus
1280 171 1408 218 atris.

173 244 274 289 Has
299 242 420 287 inter
443 240 760 301 mediamque,
787 238 895 284 duae
921 240 1197 285 mortalibus
1220 239 1357 300 aegris

175 310 373 355 Munere
393 322 635 352 concessae
661 305 837 351 Divum
857 322 868 360 ;
898 305 971 351 via
993 314 1123 351 secta
1148 322 1235 366 per
1256 306 1440 362 ambas,

170 374 412 435 Obliquus
441 372 534 434 qua
555 389 605 419 se
631 372 870 431 signorum
894 379 1099 418 verteret
1123 373 1260 419 ordo.

169 439 386 486 Mundus
404 448 456 486 ut
472 440 528 485 ad
548 439 795 501 Scythiam
809 439 1129 500 Rhipaeasque
1145 438 1324 485 arduus
1344 455 1475 486 arces

168 505 1469 569 Consurgit;premiturLibyaedevexusinAustros.‘24l

168 572 261 618 Hic
285 582 444 619 vertex
467 572 606 619 nobis
632 588 822 634 semper
834 572 1078 628 sublimis
1117 582 1162 618 at
1183 572 1266 618 illi
1271 587 1315 617 m

168 639 267 686 Sub
290 640 494 702 pedibus
518 641 634 701 Styx
654 646 755 684 atra
774 638 918 694 videt,
939 640 1207 701 Manesque
1231 638 1474 700 profundi.

167 705 410 752 Maximus
438 706 516 753 hic
543 705 669 752 flexu
694 706 886 752 sinuoso
905 706 1110 752 elabitur
1134 706 1298 766 anguis

169 772 380 828 Circum,
408 789 588 835 perque
613 772 769 818 duas
759 788 804 817 in
831 789 1009 818 morem
1036 745 1243 819 fluminis
1269 775 1461 828 Arctos,

167 840 339 886 Arctos
359 840 539 886 Oceani
567 848 831 885 metuentes
858 856 1049 901 aequore
1077 839 1211 901 tingi.

168 905 294 962 Illic,
323 914 372 952 ut
395 907 663 969 perhibent,
691 913 774 952 aut
795 906 1078 971 intempesta
1103 907 1207 952 silet
1230 921 1326 951 nox

166 973 382 1034 Semper,
410 982 459 1020 et
483 973 679 1019 obtenta
705 973 960 1018 densantur
981 980 1122 1020 nocte
1149 972 1393 1029 tenebrae;

166 1041 263 1086 Aut
287 1040 411 1087 redit
436 1039 617 1086 anobis
643 1043 846 1095 Auror‚a
872 1040 1097 1102 diemque
1118 1039 1332 1093 reducit;

168 1099 366 1168 Nosque
392 1107 473 1153 ubi
498 1106 676 1169 primus
703 1106 839 1168 equis
869 1106 1035 1153 Oriens
1073 1106 1247 1154 afflavit
1277 1105 1476 1168 anhelis,

166 1172 271 1218 Illic
316 1189 420 1220 sera
443 1174 617 1220 rubens
637 1172 858 1219 accendit
881 1173 1056 1220 lumina
1080 1176 1119 1220 V
1126 1191 1279 1235 esper.
1383 1179 1471 1221 251

166 1238 293 1286 Hinc
317 1247 624 1302 tempestates
651 1240 797 1286 dubio
824 1241 1107 1302 praediscere
1128 1242 1250 1288 coelo
1297 1240 1475 1303 [rendi3

165 1306 439 1362 Possumus,
477 1307 587 1353 hinc
627 1307 889 1369 messisque
923 1307 1066 1364 diem,
1095 1316 1383 1370 tempusque
1411 1324 1479 1353 se.-

166 1372 227 1419 Et
247 1373 440 1435 quando
463 1373 665 1419 infidum
691 1374 831 1420 remis
857 1373 1097 1436 impellere
1124 1391 1329 1422 marmor

167 1439 457 1496 Conveniat;
497 1440 686 1502 quando
711 1448 917 1486 armatas
943 1440 1183 1488 deducere
1209 1443 1402 1497 classes,

167 1508 265 1552 Aut
289 1507 616 1569 tempestivam
641 1506 769 1552 silvis
795 1514 1005 1554 evertere
1029 1507 1210 1570 pinum.
1310 1511 1480 1571 [ortus,

231 1573 337 1619 Nec
380 1573 555 1620 frustra
599 1573 836 1634 signorum
885 1573 1044 1620 obitus
1082 1575 1385 1636 speculamur
1431 1587 1481 1624 et

166 1640 582 1701 Temporibusque
608 1656 766 1701 parem
787 1638 982 1687 diversis
1008 1651 1215 1703 quatuor
1239 1659 1432 1689 annum.

167 1706 381 1768 Frigidus
407 1707 662 1770 agricolam
689 1707 728 1753 si
755 1707 949 1769 quando
975 1709 1188 1756 continet
1211 1709 1377 1765 imber,

165 1774 340 1830 Multa,
366 1773 519 1821 forent
542 1790 650 1837 quae
675 1791 785 1820 mox
807 1774 928 1821 coelo
952 1775 1255 1837 properanda
1277 1794 1458 1834 sereno,

166 1841 416 1888 Maturare
442 1842 603 1888 datur:
631 1841 805 1888 durum
829 1842 1050 1903 procudit
1073 1852 1230 1890 arator
1384 1843 1472 1891 ‘261

171 1906 381 1954 Vomeris
405 1908 565 1955 obtusi
591 1908 812 1964 denten1;
852 1917 993 1955 cavat
1018 1909 1186 1955 arbore
1212 1910 1404 1964 lint1·es;

166 1976 263 2020 Aut
281 1976 445 2039 pecori
463 1975 666 2038 signum,
687 1984 767 2022 aut
781 1992 1003 2022 numeros
1023 1977 1259 2038 impressit
1278 1977 1478 2024 acervis.

168 2041 423 2089 Exacuunt
446 2042 524 2089 alii
547 2043 710 2098 vallos,
737 2040 995 2106 furcasque
1022 2043 1256 2102 bicornes,

171 2110 335 2171 Atque
356 2110 575 2156 Amerina
600 2117 772 2172 parant
790 2110 929 2156 lentae
948 2110 1211 2157 retinacula
1236 2111 1335 2160 viti..

170 2175 315 2223 Nunc
336 2176 488 2223 facilis
515 2176 666 2224 rubea
694 2185 886 2223 texatur
909 2175 1077 2224 fiscina
1102 2178 1262 2238 virgin

170 2241 312 2288 Nunc
332 2251 508 2291 torrete
532 2244 628 2307 igni
655 2244 830 2305 fruges,
855 2260 980 2290 nunc
1000 2243 1199 2306 frangite
1222 2262 1354 2291 saxo.

171 2309 364 2373 Quippe
389 2312 530 2358 etiam
548 2310 682 2358 festis
709 2310 931 2373 quaedam
955 2328 1176 2358 exercere
1199 2312 1370 2359 dicbus

173 2375 261 2421 Fas
285 2385 334 2423 et
349 2377 461 2438 jura
481 2378 670 2425 sinunt:
708 2379 833 2424 rivos
860 2376 1094 2424 deducere
1120 2379 1250 2424 nulla

173 2441 355 2502 Religio
381 2445 546 2502 vetuit,
576 2445 719 2507 segeti
747 2444 1040 2507 praetendere
1067 2461 1245 2506 sepem,
1386 2453 1479 2499 ‘270

175 2507 373 2557 Insidias
404 2511 568 2559 avibus
589 2511 759 2569 moliri,
787 2511 1037 2558 incendere
1065 2527 1249 2574 vepres,

343 2598 359 2622 ἢ
