1635 2685
170 89 226 129 10
498 105 549 138 P.
586 105 831 139 vinoun
864 105 1128 140 MARONIS

164 203 223 249 Et
247 203 318 249 sol
338 210 609 249 crescentes
635 201 872 248 decedens
891 201 1106 263 duplicat
1133 202 1322 249 umbras
1342 218 1355 249 ε

165 269 244 315 Me
285 277 442 314 tamen
484 270 578 315 urit
612 284 770 314 amor:
808 267 914 330 quis
952 268 1077 314 enim
1119 283 1287 315 monus
1328 268 1456 316 adsit

293 335 442 380 amori
463 335 482 381 2

162 401 255 457 Ah,
282 403 525 464 Corydon,
553 401 794 465 Corydon,
819 417 927 463 quae
951 409 996 448 te
1021 401 1260 449 dementia
1285 401 1437 464 cepit!

163 467 458 528 Semiputata
491 469 580 514 tibi
604 468 826 514 frondosa
851 468 955 514 vitis
979 468 1026 514 in
1050 470 1179 515 ulmo
1202 477 1291 515 est.
1392 475 1455 522 70

163 533 292 586 Quin
331 543 383 579 tu
422 534 602 595 aliquid
644 537 808 580 saltem
853 535 1028 595 potius,
1052 551 1251 596 quorum
1278 534 1458 594 indiget

165 599 430 646 Viminibus
457 601 681 662 mollique
697 616 836 662 paras
856 602 1073 647 detexere
1091 601 1278 661 junco?
1302 602 1455 663 [usus.

161 664 371 712 Invenies
395 666 559 723 alium,
584 668 620 712 si
647 676 689 712 te
717 667 795 712 hic
818 665 1016 722 fastidit,
1043 667 1231 714 Alexin.

513 836 839 878 PALAEMON.
871 836 1000 879 ECL.
1030 836 1116 878 ΙΙΙ.

369 935 635 993 .Ῑ11εηαῖοαε,
675 936 939 992 Damoetas,
981 935 1270 991 Paloemon.,
1311 991 1317 996 ,

163 1071 225 1106 Μ.
263 1033 398 1105 Drc
429 1057 557 1115 mihi,
590 1058 831 1113 Damoeta,
857 1056 1021 1119 cujum
1047 1060 1236 1121 pecus?
1272 1075 1331 1106 an
1357 1060 1458 1106 Me·

357 1124 522 1172 liboei'!
1268 1126 1456 1188 [AEgon.

162 1205 259 1240 DA.
302 1194 433 1246 Non,
477 1190 640 1238 verum
667 1191 891 1252 AEgoms:
930 1208 1079 1253 nuper
1116 1191 1230 1238 mihi
1262 1192 1457 1239 tradidit

164 1269 260 1305 ME.
281 1258 463 1313 Infelix,
484 1274 529 1313 o,
551 1272 754 1318 semper,
777 1274 906 1313 oves,
926 1259 1095 1320 pecus!
1122 1258 1219 1319 ipse
1236 1259 1454 1305 Neaeram

163 1323 287 1370 Dum
313 1325 458 1379 fovet,
499 1341 574 1379 ac,
599 1340 655 1369 ne
682 1340 754 1369 ine
776 1324 865 1370 sibi
896 1325 1116 1386 praeferat
1140 1325 1233 1381 illa,
1253 1334 1458 1382 veretur,

160 1390 253 1437 Hic
278 1391 458 1438 alienus
483 1406 593 1435 oves
621 1398 785 1435 custos
810 1390 883 1436 bis
911 1390 1091 1452 mulget
1115 1390 1159 1436 in
1186 1390 1337 1439 horit:

159 1457 221 1503 Et
245 1473 418 1504 succus
444 1455 624 1518 pecori,
651 1467 696 1501 et
721 1456 797 1502 lac
823 1456 1103 1503 subducitur
1127 1457 1278 1519 agnis.

160 1536 253 1569 DA.
276 1524 468 1570 Parcius
491 1523 583 1568 ista
606 1521 715 1567 viris
739 1531 892 1568 tamen
913 1522 1182 1583 objicienda
1202 1532 1439 1572 memento

158 1589 392 1636 Novimus
428 1597 476 1635 et
501 1588 583 1650 qui
605 1596 1001 1643 te,—transversa
1027 1589 1270 1635 tuentibus
1297 1590 1455 1649 hircis,

156 1656 218 1702 Et
241 1672 370 1718 quo,
359 1675 369 1685 ·
409 1655 487 1701 sed
512 1655 675 1701 faciles
699 1654 942 1717 Nymphae
966 1654 1107 1701 risere
1129 1673 1140 1711 ;
1179 1656 1369 1703 sacello.
1424 1665 1456 1715 9

157 1731 258 1769 ME..
281 1723 426 1779 Tum,
448 1721 610 1778 credo,
630 1721 740 1767 cum
759 1738 832 1766 me
849 1721 1270 1769 arbustuxuvidere
1295 1719 1459 1769 Mico-

156 1791 319 1851 Atque
345 1789 469 1835 mala
505 1789 625 1834 xites
659 1787 865 1834 incidere
890 1786 1012 1835 falce
1048 1788 1273 1834 noxellas.
1343 1790 1455 1851 [nis‚
1493 1837 1519 1859 ὑ

159 1868 251 1902 DA.
294 1859 391 1902 Aut
429 1854 505 1901 hic
530 1854 590 1902 ad
629 1863 810 1900 xeteres
849 1853 997 1916 fagos,
1037 1853 1147 1900 cum
1187 1855 1456 1916 Daphnidis

287 1938 452 1968 arcum

156 1989 348 2051 Fregisti
373 1997 420 2035 et
457 1989 692 2035 calamos:
730 2004 838 2049 quae
862 1994 930 2043 tu,
961 2003 1179 2050 perverse
1213 1988 1455 2046 Menalca,

157 2055 220 2102 Et
243 2056 352 2102 cum
381 2055 537 2102 vidisti
563 2071 712 2116 puero
746 2054 937 2109 donata,
965 2053 1189 2109 dolebas;

156 2121 235 2176 Et,
256 2122 408 2167 sinon
433 2121 592 2182 aliqua
619 2121 877 2176 nocuisses,
906 2129 1119 2166 mortuus
1146 2136 1289 2166 esses.

157 2199 256 2234 ME.
284 2187 413 2242 Quid
432 2187 610 2234 domiui
632 2187 827 2244 faciant,
845 2186 1018 2233 audent
1038 2186 1145 2232 cim]
1168 2186 1278 2232 talia
1298 2185 1426 2233 fures

153 2253 265 2299 Non
292 2271 381 2316 ego
404 2263 449 2301 te
472 2254 567 2300 vidi
589 2254 835 2309 Damonis,
858 2253 1078 2315 pessime,
1105 2269 1305 2315 caprum

153 2320 385 2384 Excipere
409 2319 609 2377 insidiis,
637 2321 837 2367 multum
858 2320 1056 2367 latrante
1085 2319 1321 2381 Lycisca?

154 2386 216 2434 Et
242 2387 351 2434 cum
378 2387 633 2434 clamarem
655 2403 667 2441 ;
706 2387 817 2442 Quo
841 2402 968 2434 nunc
988 2403 1036 2432 se
1061 2385 1261 2449 proripit
1286 2385 1360 2432 ille
1378 2385 1401 2432 21

157 2449 335 2516 Tityre,
355 2469 474 2514 coge
498 2469 674 2515 pecus:
712 2461 762 2500 tu
788 2461 900 2516 post
923 2461 1115 2500 carecta
1135 2452 1333 2500 latebas,
1391 2459 1455 2500 20

158 2531 251 2568 uA.
277 2523 350 2567 An
375 2519 490 2567 mihi
514 2519 753 2567 cantando
794 2519 948 2567 victus
980 2535 1076 2566 nou
1102 2517 1319 2566 redderet
1358 2519 1455 2578 ille,
