1546 2686
116 104 180 155 96
458 110 505 144 Ρ.
545 110 786 146 vtaonu
835 112 1096 147 MAnoms

117 230 271 285 Ostia,
300 228 433 275 dives
457 245 622 293 opum,
645 230 907 294 studiisque
932 231 1188 294 asperrima
1214 232 1344 284 belii:

117 298 274 351 Quam
300 297 425 343 Juno
451 295 597 343 fertur
622 297 754 344 terris
781 298 929 359 magis
955 299 1176 345 omnibus
1203 315 1340 344 unani

116 362 395 409 posthabita
419 362 618 410 coluisse
644 365 805 411 Samo.
876 364 971 411 Hic
991 364 1111 411 illius
1137 380 1282 421 arma,

119 429 212 476 Hic
233 445 395 476 currus
416 428 526 476 fuit:
567 430 656 476 hoc
692 447 887 492 regnum
914 431 1015 477 Dea
1041 431 1262 493 gentibus
1292 447 1406 485 esse,

116 495 163 542 Si
185 493 280 557 qua
305 495 398 543 fata
425 495 595 550 sinant,
616 496 719 556 jam
747 508 846 542 tum
872 496 1119 558 tenditque
1152 497 1395 558 fovetque.

115 562 390 622 Progeniem
417 562 501 608 sed
523 562 646 608 enim
670 562 885 623 Trojano
908 578 936 608 a
960 563 1186 625 sanguine
1211 564 1321 610 duci
1342 571 1346 575 '

115 629 361 682 Audierat,
385 628 553 691 Tyrias
579 628 686 673 olim
715 645 820 689 quae
841 637 1042 675 verteret
1065 645 1219 676 arces.
1369 637 1431 678 ΩΟ

118 695 245 741 Hinc
266 694 519 757 populum,
547 694 636 741 late
661 711 835 756 regem,
864 694 1081 755 belloque
1107 697 1381 756 superbum,

115 760 376 807 Venturum
403 760 585 807 excidio
613 761 805 824 Libjyae3
833 761 900 807 sic
927 761 1117 807 volvere
1143 762 1333 807 Parcas.

119 827 171 873 Id
200 836 429 883 metuens,
457 827 720 889 veterisque
747 843 924 873 memor
945 827 1163 873 Saturnia
1190 827 1315 881 belli,

119 893 272 940 Prima
294 893 424 956 quod
451 894 510 940 ad
532 894 732 969 Trojarn
759 910 846 956 pro
873 893 994 940 caris
1017 902 1226 968 gesserat
1245 893 1405 952 Argis:

118 961 335 1007 Necdum
358 960 497 1007 etiam
524 976 680 1007 causae
705 960 894 1016 irarum,
923 960 1131 1021 saevique
1157 960 1344 1006 dolores

116 1027 403 1074 Exciderant
427 1027 599 1073 animo.
671 1028 836 1074 Manet
860 1027 954 1073 alta
981 1036 1136 1072 mente
1163 1030 1406 1088 repostum

115 1093 355 1140 Judiciuni
387 1093 580 1149 Paridis,
609 1103 873 1156 spretaeque
899 1092 1071 1151 injuria
1096 1093 1279 1148 formae,

118 1161 179 1206 Et
203 1177 347 1222 genus
371 1160 591 1218 invisum,
616 1169 663 1206 et
687 1162 809 1222 rapti
835 1159 1128 1222 Ganymedis
1155 1160 1374 1206 honores.

118 1227 204 1273 His
230 1243 431 1273 accensa
452 1226 834 1288 super,jactatos
860 1242 1050 1299 aequore
1071 1234 1175 1272 toto

116 1294 288 1348 froas,
315 1293 536 1355 reliquias
564 1293 783 1340 Danaum
812 1303 957 1354 atque
983 1292 1172 1338 immitis
1203 1291 1394 1346 Achilli,

117 1360 324 1406 Arcebat
346 1359 480 1420 longe
508 1360 663 1406 Latio:
689 1361 952 1433 multosque
976 1375 1059 1420 per
1083 1374 1232 1405 annos
1367 1365 1424 1406 31

120 1426 354 1472 Errabant
377 1426 470 1472 acti
495 1425 601 1471 fatis
627 1425 769 1471 maria
795 1425 953 1471 omnia
980 1424 1178 1472 circum.

117 1492 287 1539 Tantae
313 1493 443 1538 molis
470 1501 571 1538 erat
596 1492 855 1538 Romanam
883 1491 1080 1538 condere
1104 1499 1308 1553 gentem.

184 1559 273 1605 Vix
295 1577 320 1606 e
346 1567 607 1621 conspectu
631 1558 804 1604 Siculae
831 1557 1009 1604 telluris
1031 1557 1076 1602 in
1097 1558 1243 1604 altum

118 1626 238 1672 Vela
254 1625 432 1672 dabant
454 1625 563 1679 laeti,
590 1633 636 1670 et
661 1640 852 1686 spumas
877 1624 980 1669 salis
1001 1640 1091 1670 aere
1117 1624 1345 1677 ruebant;

120 1692 243 1740 Cum
267 1693 410 1747 Juno,
438 1701 664 1737 aeternum
693 1707 882 1737 servans
908 1690 995 1736 sub
1021 1699 1214 1752 pectore
1241 1689 1427 1745 vulnus,

119 1759 240 1805 Haec
265 1774 455 1805 secum:
485 1759 628 1804 Mene
652 1757 846 1820 incepto
870 1756 1092 1803 desistere
1117 1756 1307 1809 victam,

118 1825 222 1872 Nec
248 1841 386 1887 posse
411 1824 546 1870 Italia
571 1824 860 1870 Teucrorum
886 1832 1097 1870 avertere
1122 1824 1309 1883 regem?

120 1892 314 1954 Quippe
339 1900 470 1937 vetor
491 1889 612 1936 fatis.
684 1890 898 1936 Pallasne
922 1905 1113 1936 exurere
1134 1889 1331 1935 classem

119 1959 366 2019 Argivum,
392 1967 536 2020 atque
561 1957 691 2019 ipsos
716 1957 874 2018 potuit
897 1956 1194 2016 submergere
1219 1969 1386 2017 pamm,

119 2025 271 2072 Unius
293 2026 357 2071 ob
377 2040 565 2078 noxam,
594 2032 639 2070 et
660 2023 806 2070 furias
833 2023 996 2085 Ajacis
1022 2022 1182 2069 Oilei?
1361 2032 1419 2071 41

119 2092 241 2154 Ipsa
267 2091 397 2139 Jovis
421 2090 639 2153 rapidum
653 2090 868 2151 iaculata
893 2107 918 2138 e
938 2088 1176 2137 nubibus
1168 2104 1336 2150 ignem,

120 2157 421 2232 Disjecitque
447 2168 585 2213 rates,
613 2159 872 2220 exertitque
898 2170 1091 2219 aequora
1118 2156 1296 2201 ventis:

119 2226 258 2272 Illum
285 2226 599 2287 exspirantem
625 2223 853 2271 transfixo
877 2232 1071 2287 pectore
1096 2219 1311 2267 flammas

118 2295 333 2342 Turbine
353 2295 597 2355 corripuit,
620 2294 913 2355 scopuloque
937 2290 1088 2338 infixit
1112 2299 1270 2335 acuto.

118 2367 209 2408 Ast
232 2378 338 2423 ego,
360 2376 467 2423 quae
495 2360 668 2406 Divum
695 2359 867 2406 incedo
887 2358 1061 2420 regina,
1086 2356 1315 2418 Jovisque

118 2428 181 2474 Et
206 2443 341 2474 soror
365 2435 413 2473 et
437 2425 631 2487 conjux,
659 2442 751 2471 uua
778 2443 883 2474 cum
909 2434 1048 2487 gente
1073 2430 1146 2468 tot
1169 2438 1316 2468 annos

120 2494 252 2542 Bella
276 2509 402 2556 gero,
474 2494 535 2539 Et
560 2492 813 2566 quisquam
857 2506 1030 2537 numen
1050 2490 1247 2537 Iunonis
1265 2487 1433 2534 adoret

119 2561 371 2616 Praeterea,
391 2568 474 2606 aut
499 2559 699 2621 supplex
725 2558 815 2605 aris
836 2558 1050 2621 imponat
1074 2553 1332 2601 honorem?
