1607 2700
556 90 640 124 ΑΒΝ
655 91 816 125 Emos
848 92 954 125 Lm.
990 93 1112 127 v111.
1382 89 1473 137 273

156 210 377 274 Hospitis
404 210 564 256 AEneae
592 209 750 256 sedem
781 217 827 255 et
854 218 1039 256 secreta
1060 211 1274 273 petebat,

154 279 436 324 Sermonum
466 285 705 322 memoret
731 276 950 337 promissi
975 280 1196 334 muneris,
1225 279 1380 326 heros.

153 343 258 390 Nec
280 343 432 389 minus
457 343 628 388 AEneas
654 360 705 389 se
731 343 993 388 matutinus
1020 345 1208 406 agebat.

155 410 296 457 Filius
324 408 431 454 huic
461 409 630 462 Pallas,
658 409 737 455 olli
765 425 925 455 comes
952 410 1051 456 ibat
1076 413 1304 459 Achates.

151 474 631 536 Congressijungunt
654 475 863 532 dextras,
893 476 1155 540 mediisque
1180 479 1395 526 residunt

150 542 370 596 AEdibus,
392 549 440 588 et
465 542 597 588 licito
624 542 819 589 tandem
846 559 1058 590 sermone
1086 545 1323 591 fruuntur.

148 608 249 654 Rex
274 608 403 670 prior
427 607 561 655 haec:
1303 613 1468 674 [quam

216 674 429 720 Maxime
452 675 747 722 Teucrorum
784 674 973 732 ductor,
1025 692 1122 738 quo
1149 679 1328 738 sospite
1354 682 1469 725 n'un-

146 741 241 788 Res
267 740 492 804 equidem
506 740 668 801 Trojae
683 741 829 787 victas
857 750 937 788 aut
961 759 1105 804 regna
1129 743 1348 800 fatebor3
1371 753 1464 801 471

145 807 301 853 Nobis
327 807 387 853 ad
416 807 528 854 belli
552 808 776 853 auxilium
805 824 892 870 pro
919 810 1108 855 nomine
1134 818 1269 856 tanto

146 874 343 935 Exiguae
370 873 517 922 vires:
548 874 655 921 hinc
674 875 840 921 Tusco
866 875 1136 922 claudimur
1160 877 1287 922 amni
1308 896 1318 931 ;
1343 879 1465 941 [mis.

145 941 271 986 Hinc
301 940 508 987 Rutulus
534 941 720 1001 premit,
760 950 807 987 et
833 958 1019 987 murum
1047 942 1371 991 circumsonat
1394 963 1467 992 ar-

144 1006 239 1053 Sed
266 1006 351 1052 tibi
376 1023 462 1067 ego
487 1008 702 1069 ingentes
728 1008 935 1069 populos
963 1008 1285 1072 opulentaque
1310 1014 1466 1073 regnis

143 1074 352 1136 Jungere
377 1081 534 1120 castra
559 1089 693 1135 paro,
717 1091 860 1136 quam
887 1074 986 1121 fors
1011 1075 1203 1136 inopina
1229 1078 1431 1125 salutem

144 1140 398 1187 Ostentat:
436 1139 546 1186 fatis
573 1140 666 1187 huc
686 1147 733 1187 te
758 1142 1065 1203 poscentibus
1089 1143 1245 1190 affers.

142 1206 286 1252 Haud
312 1207 483 1268 procul
508 1207 616 1254 hinc
637 1224 749 1254 saxo
776 1209 947 1256 colitur
973 1209 1171 1256 fundata
1193 1219 1377 1257 vetusto

143 1273 290 1321 Urbis
318 1274 550 1335 Agyllinae
576 1273 714 1321 sedes
737 1292 748 1328 ;
789 1274 868 1320 ubi
893 1275 1047 1338 Lydia
1073 1277 1314 1337 quondam

142 1340 291 1395 Gens,
319 1340 444 1386 bello
472 1341 714 1400 praeclara,
734 1342 866 1401 jugis
893 1342 1066 1388 insedit
1091 1344 1322 1392 Etruscis,
1367 1354 1465 1395 480

138 1405 276 1452 Hane
304 1407 478 1453 multos
515 1405 755 1453 florentem
784 1423 930 1454 annos
957 1426 1035 1454 rex
1061 1409 1234 1458 deinde
1260 1413 1464 1475 superbo

140 1473 350 1536 lmperio
375 1482 422 1520 et
445 1474 577 1519 saevis
604 1474 755 1520 tenuit
782 1476 1050 1521 Mezentius
1077 1478 1235 1523 armis.

141 1539 268 1594 Quid
293 1556 549 1586 memorem
569 1539 787 1587 infandas
809 1541 995 1588 caedes‘!
1013 1541 1129 1604 quid
1150 1542 1280 1591 fucta
1305 1552 1463 1607 tyran-

140 1606 335 1652 Effera?
386 1607 445 1653 Di
470 1607 617 1668 capiti
654 1607 804 1668 ipsius
831 1608 1084 1671 generique
1111 1620 1366 1658 reservent.
1395 1613 1463 1676 [ni

138 1673 336 1719 Mortua
362 1672 476 1735 quin
502 1673 644 1720 etiam
663 1674 908 1738 jungebat
933 1691 1136 1737 corpora
1162 1676 1292 1734 vivis,

139 1740 443 1801 Componens
468 1740 784 1803 manibusque
810 1757 976 1788 manus
1001 1750 1147 1804 atque
1172 1744 1334 1791 oribus
1360 1762 1458 1801 ora,

138 1805 391 1853 Tormenti
409 1807 588 1868 genus!
628 1815 676 1853 et
702 1808 829 1853 sanie
855 1809 1063 1870 taboque
1089 1808 1306 1868 fluentes,

137 1872 407 1936 Complexu
433 1874 478 1919 iu
502 1873 686 1929 misero,
713 1874 854 1934 longa
882 1875 949 1921 sie
976 1884 1125 1922 morte
1150 1878 1374 1925 necabat.

137 1941 200 1985 At
224 1939 334 1985 fessi
365 1940 555 1986 tandem
585 1940 726 1996 cives,
754 1940 947 1987 infanda
972 1941 1208 1989 furentem

136 2006 319 2053 Armati
340 2004 704 2054 circumsistunt
739 2007 993 2070 ipsumque
1027 2009 1458 2071 domumquez490

137 2072 446 2121 Obtruncant
474 2074 643 2128 socios,
670 2074 824 2135 ignem
851 2075 911 2121 ad
941 2074 1356 2138 fastigiajactatit.

138 2139 222 2185 llle
247 2141 369 2186 inter
393 2140 570 2198 caedes,
599 2141 884 2188 Rutulorum
904 2142 1093 2203 elapsus
1118 2143 1164 2188 in
1190 2160 1324 2203 agros

138 2204 424 2269 Confugere,
451 2215 499 2253 et
521 2207 665 2253 Turni
687 2207 928 2255 defendier
953 2209 1155 2271 hospitis
1176 2212 1337 2258 armis.

139 2272 262 2332 Ergo
287 2273 441 2320 omnis
465 2273 602 2321 furiis
627 2275 828 2321 surrexit
848 2275 1038 2322 Etruria
1055 2275 1231 2336 ,justis;

135 2339 312 2401 Regem
338 2341 396 2386 ad
425 2341 715 2402 supplicium
740 2342 962 2402 praesenti
990 2344 1146 2389 Marte
1171 2354 1451 2406 reposcunt.

126 2406 221 2453 His
247 2422 336 2468 ego
363 2413 428 2464 te,
455 2408 618 2465 AEnea,
644 2408 894 2454 ductorem
921 2408 1124 2455 millibus
1150 2410 1342 2456 addam.

128 2473 255 2522 Toto
279 2489 485 2538 namque
512 2476 720 2523 fremunt
745 2473 999 2521 condensa:
1025 2475 1182 2523 littore
1208 2492 1415 2539 puppes,
