<?xml version="1.0" encoding="UTF-8"?>
<!DOCTYPE html PUBLIC "-//W3C//DTD XHTML 1.0 Transitional//EN"
    "http://www.w3.org/TR/xhtml1/DTD/xhtml1-transitional.dtd">
<html xmlns="http://www.w3.org/1999/xhtml" xml:lang="en" lang="en">
 <head>
  <title>
</title>
<meta http-equiv="Content-Type" content="text/html;charset=utf-8" />
  <meta name='ocr-system' content='tesseract 3.04.00' />
  <meta name='ocr-capabilities' content='ocr_page ocr_carea ocr_par ocr_line ocrx_word'/>
</head>
<body>
  <div class='ocr_page' id='page_1' title='image "./operaadfidemopti00virguoft/operaadfidemopti00virguoft_0184.png"; bbox 0 0 1607 2700; ppageno 0'>
   <div class='ocr_carea' id='block_1_1' title="bbox 172 73 1145 116">
    <p class='ocr_par' dir='ltr' id='par_1_1' title="bbox 172 73 1145 116">
     <span class='ocr_line' id='line_1_1' title="bbox 172 73 1145 116; baseline 0 -3"><span class='ocrx_word' id='word_1_1' title='bbox 172 73 263 113; x_wconf 81' lang='lat'>180</span> <span class='ocrx_word' id='word_1_2' title='bbox 501 81 549 113; x_wconf 84' lang='lat' dir='ltr'>P.</span> <span class='ocrx_word' id='word_1_3' title='bbox 593 80 827 115; x_wconf 68' lang='lat' dir='ltr'>vinoun</span> <span class='ocrx_word' id='word_1_4' title='bbox 883 80 1145 116; x_wconf 74' lang='lat' dir='ltr'>MARoNis</span> 
     </span>
    </p>
   </div>
   <div class='ocr_carea' id='block_1_2' title="bbox 156 196 1474 2519">
    <p class='ocr_par' dir='ltr' id='par_1_2' title="bbox 156 196 1474 2519">
     <span class='ocr_line' id='line_1_2' title="bbox 163 196 1417 262; baseline 0.002 -18"><span class='ocrx_word' id='word_1_5' title='bbox 163 198 225 244; x_wconf 91' lang='lat' dir='ltr'>Et</span> <span class='ocrx_word' id='word_1_6' title='bbox 250 198 318 244; x_wconf 89' lang='lat' dir='ltr'>sic</span> <span class='ocrx_word' id='word_1_7' title='bbox 345 196 443 244; x_wconf 85' lang='lat' dir='ltr'>fata</span> <span class='ocrx_word' id='word_1_8' title='bbox 466 198 595 246; x_wconf 85' lang='lat' dir='ltr'>Jovis</span> <span class='ocrx_word' id='word_1_9' title='bbox 615 209 848 262; x_wconf 86' lang='lat' dir='ltr'>poscunt:</span> <span class='ocrx_word' id='word_1_10' title='bbox 888 200 965 247; x_wconf 88' lang='lat' dir='ltr'>hic</span> <span class='ocrx_word' id='word_1_11' title='bbox 992 200 1217 246; x_wconf 87' lang='lat' dir='ltr'>terminus</span> <span class='ocrx_word' id='word_1_12' title='bbox 1240 200 1417 254; x_wconf 83' lang='lat' dir='ltr'>hoeret:</span> 
     </span>
     <span class='ocr_line' id='line_1_3' title="bbox 163 265 1275 330; baseline 0.003 -21"><span class='ocrx_word' id='word_1_13' title='bbox 163 266 229 310; x_wconf 86' lang='lat' dir='ltr'>At</span> <span class='ocrx_word' id='word_1_14' title='bbox 256 265 379 311; x_wconf 86' lang='lat' dir='ltr'>bello</span> <span class='ocrx_word' id='word_1_15' title='bbox 403 266 603 314; x_wconf 89' lang='lat' dir='ltr'>audacis</span> <span class='ocrx_word' id='word_1_16' title='bbox 627 267 799 330; x_wconf 89' lang='lat' dir='ltr'>populi</span> <span class='ocrx_word' id='word_1_17' title='bbox 823 276 1017 313; x_wconf 75' lang='lat' dir='ltr'>vexatus</span> <span class='ocrx_word' id='word_1_18' title='bbox 1043 276 1089 313; x_wconf 87' lang='lat' dir='ltr'>et</span> <span class='ocrx_word' id='word_1_19' title='bbox 1115 265 1275 322; x_wconf 88' lang='lat' dir='ltr'>armis,</span> 
     </span>
     <span class='ocr_line' id='line_1_4' title="bbox 165 330 1242 394; baseline 0.001 -19"><span class='ocrx_word' id='word_1_20' title='bbox 165 330 360 378; x_wconf 89' lang='lat' dir='ltr'>Finibus</span> <span class='ocrx_word' id='word_1_21' title='bbox 398 334 613 386; x_wconf 82' lang='lat' dir='ltr'>extorriS,</span> <span class='ocrx_word' id='word_1_22' title='bbox 641 334 893 394; x_wconf 85' lang='lat' dir='ltr'>complexu</span> <span class='ocrx_word' id='word_1_23' title='bbox 918 334 1110 379; x_wconf 83' lang='lat' dir='ltr'>avulsus</span> <span class='ocrx_word' id='word_1_24' title='bbox 1137 332 1242 387; x_wconf 85' lang='lat' dir='ltr'>Iiili,</span> 
     </span>
     <span class='ocr_line' id='line_1_5' title="bbox 163 398 1382 462; baseline 0.001 -21"><span class='ocrx_word' id='word_1_25' title='bbox 163 398 405 445; x_wconf 82' lang='lat' dir='ltr'>Auxilium</span> <span class='ocrx_word' id='word_1_26' title='bbox 431 399 668 462; x_wconf 77' lang='lat' dir='ltr'>imploret,</span> <span class='ocrx_word' id='word_1_27' title='bbox 698 399 950 461; x_wconf 78' lang='lat' dir='ltr'>videatque</span> <span class='ocrx_word' id='word_1_28' title='bbox 978 399 1167 461; x_wconf 81' lang='lat' dir='ltr'>indigna</span> <span class='ocrx_word' id='word_1_29' title='bbox 1194 414 1382 445; x_wconf 83' lang='lat' dir='ltr'>suorum</span> 
     </span>
     <span class='ocr_line' id='line_1_6' title="bbox 169 464 1342 527; baseline 0.001 -19"><span class='ocrx_word' id='word_1_30' title='bbox 169 464 371 512; x_wconf 80' lang='lat' dir='ltr'>Funera:</span> <span class='ocrx_word' id='word_1_31' title='bbox 408 482 512 522; x_wconf 89' lang='lat' dir='ltr'>uec,</span> <span class='ocrx_word' id='word_1_32' title='bbox 541 467 648 513; x_wconf 76' lang='lat' dir='ltr'>cum</span> <span class='ocrx_word' id='word_1_33' title='bbox 677 481 725 510; x_wconf 88' lang='lat' dir='ltr'>se</span> <span class='ocrx_word' id='word_1_34' title='bbox 751 466 837 510; x_wconf 88' lang='lat' dir='ltr'>sub</span> <span class='ocrx_word' id='word_1_35' title='bbox 864 465 984 519; x_wconf 67' lang='lat' dir='ltr'>leges</span> <span class='ocrx_word' id='word_1_36' title='bbox 1009 467 1141 527; x_wconf 83' lang='lat' dir='ltr'>pacis</span> <span class='ocrx_word' id='word_1_37' title='bbox 1167 466 1342 526; x_wconf 82' lang='lat' dir='ltr'>iniquae</span> 
     </span>
     <span class='ocr_line' id='line_1_7' title="bbox 162 530 1273 593; baseline 0.001 -18"><span class='ocrx_word' id='word_1_38' title='bbox 162 530 453 587; x_wconf 80' lang='lat' dir='ltr'>Tradiderit,</span> <span class='ocrx_word' id='word_1_39' title='bbox 482 548 621 593; x_wconf 77' lang='lat' dir='ltr'>regno</span> <span class='ocrx_word' id='word_1_40' title='bbox 646 537 729 576; x_wconf 88' lang='lat' dir='ltr'>ant</span> <span class='ocrx_word' id='word_1_41' title='bbox 752 532 926 592; x_wconf 74' lang='lat' dir='ltr'>optata</span> <span class='ocrx_word' id='word_1_42' title='bbox 943 531 1048 576; x_wconf 89' lang='lat' dir='ltr'>luce</span> <span class='ocrx_word' id='word_1_43' title='bbox 1070 531 1273 585; x_wconf 84' lang='lat' dir='ltr'>fruatur;</span> 
     </span>
     <span class='ocr_line' id='line_1_8' title="bbox 163 596 1472 656; baseline 0 -15"><span class='ocrx_word' id='word_1_44' title='bbox 163 597 254 642; x_wconf 80' lang='lat' dir='ltr'>Sed</span> <span class='ocrx_word' id='word_1_45' title='bbox 282 600 419 644; x_wconf 84' lang='lat' dir='ltr'>cadat</span> <span class='ocrx_word' id='word_1_46' title='bbox 445 606 556 644; x_wconf 84' lang='lat' dir='ltr'>ante</span> <span class='ocrx_word' id='word_1_47' title='bbox 580 598 719 652; x_wconf 90' lang='lat' dir='ltr'>diem,</span> <span class='ocrx_word' id='word_1_48' title='bbox 744 596 995 656; x_wconf 75' lang='lat' dir='ltr'>mediaque</span> <span class='ocrx_word' id='word_1_49' title='bbox 1021 599 1289 643; x_wconf 81' lang='lat' dir='ltr'>inhumatus</span> <span class='ocrx_word' id='word_1_50' title='bbox 1316 596 1472 641; x_wconf 68' lang='lat' dir='ltr'>aren-21.</span> 
     </span>
     <span class='ocr_line' id='line_1_9' title="bbox 162 663 1474 727; baseline -0.002 -19"><span class='ocrx_word' id='word_1_51' title='bbox 162 663 281 709; x_wconf 87' lang='lat' dir='ltr'>Haec</span> <span class='ocrx_word' id='word_1_52' title='bbox 322 680 520 727; x_wconf 82' lang='lat' dir='ltr'>precor:</span> <span class='ocrx_word' id='word_1_53' title='bbox 560 665 681 709; x_wconf 89' lang='lat' dir='ltr'>hanc</span> <span class='ocrx_word' id='word_1_54' title='bbox 726 679 891 708; x_wconf 82' lang='lat' dir='ltr'>vocem</span> <span class='ocrx_word' id='word_1_55' title='bbox 925 672 1183 709; x_wconf 79' lang='lat' dir='ltr'>extremam</span> <span class='ocrx_word' id='word_1_56' title='bbox 1224 680 1330 710; x_wconf 89' lang='lat' dir='ltr'>cum</span> <span class='ocrx_word' id='word_1_57' title='bbox 1371 678 1474 707; x_wconf 85' lang='lat' dir='ltr'>san-</span> 
     </span>
     <span class='ocr_line' id='line_1_10' title="bbox 292 729 1468 791; baseline 0 -15"><span class='ocrx_word' id='word_1_58' title='bbox 292 731 432 791; x_wconf 84' lang='lat' dir='ltr'>guine</span> <span class='ocrx_word' id='word_1_59' title='bbox 458 729 626 776; x_wconf 84' lang='lat' dir='ltr'>fundo.</span> <span class='ocrx_word' id='word_1_60' title='bbox 1377 733 1468 776; x_wconf 63' lang='lat'>021</span> 
     </span>
     <span class='ocr_line' id='line_1_11' title="bbox 158 795 1471 859; baseline 0.001 -19"><span class='ocrx_word' id='word_1_61' title='bbox 158 795 286 841; x_wconf 88' lang='lat' dir='ltr'>Tum</span> <span class='ocrx_word' id='word_1_62' title='bbox 308 813 409 853; x_wconf 83' lang='lat' dir='ltr'>vos,</span> <span class='ocrx_word' id='word_1_63' title='bbox 436 814 464 842; x_wconf 93' lang='lat' dir='ltr'>o</span> <span class='ocrx_word' id='word_1_64' title='bbox 484 797 637 859; x_wconf 78' lang='lat' dir='ltr'>Tyrii,</span> <span class='ocrx_word' id='word_1_65' title='bbox 663 795 853 856; x_wconf 86' lang='lat' dir='ltr'>stirpem</span> <span class='ocrx_word' id='word_1_66' title='bbox 875 804 924 841; x_wconf 88' lang='lat' dir='ltr'>et</span> <span class='ocrx_word' id='word_1_67' title='bbox 944 811 1088 856; x_wconf 79' lang='lat' dir='ltr'>genus</span> <span class='ocrx_word' id='word_1_68' title='bbox 1106 811 1242 841; x_wconf 88' lang='lat' dir='ltr'>omne</span> <span class='ocrx_word' id='word_1_69' title='bbox 1262 795 1471 842; x_wconf 86' lang='lat' dir='ltr'>futurum</span> 
     </span>
     <span class='ocr_line' id='line_1_12' title="bbox 158 861 1362 923; baseline -0.002 -15"><span class='ocrx_word' id='word_1_70' title='bbox 158 863 394 913; x_wconf 80' lang='lat' dir='ltr'>Exercete</span> <span class='ocrx_word' id='word_1_71' title='bbox 419 864 572 916; x_wconf 87' lang='lat' dir='ltr'>odiis;</span> <span class='ocrx_word' id='word_1_72' title='bbox 612 862 854 923; x_wconf 81' lang='lat' dir='ltr'>cinerique</span> <span class='ocrx_word' id='word_1_73' title='bbox 877 863 977 907; x_wconf 81' lang='lat' dir='ltr'>haec</span> <span class='ocrx_word' id='word_1_74' title='bbox 1003 861 1173 907; x_wconf 85' lang='lat' dir='ltr'>mittite</span> <span class='ocrx_word' id='word_1_75' title='bbox 1199 870 1362 907; x_wconf 85' lang='lat' dir='ltr'>nostro</span> 
     </span>
     <span class='ocr_line' id='line_1_13' title="bbox 158 927 1472 990; baseline 0.001 -17"><span class='ocrx_word' id='word_1_76' title='bbox 158 930 375 976; x_wconf 79' lang='lat' dir='ltr'>Munera.</span> <span class='ocrx_word' id='word_1_77' title='bbox 451 931 615 976; x_wconf 84' lang='lat' dir='ltr'>Nullus</span> <span class='ocrx_word' id='word_1_78' title='bbox 632 945 765 976; x_wconf 87' lang='lat' dir='ltr'>amor</span> <span class='ocrx_word' id='word_1_79' title='bbox 781 929 991 990; x_wconf 82' lang='lat' dir='ltr'>populis,</span> <span class='ocrx_word' id='word_1_80' title='bbox 1014 944 1101 974; x_wconf 87' lang='lat' dir='ltr'>nec</span> <span class='ocrx_word' id='word_1_81' title='bbox 1118 927 1297 974; x_wconf 80' lang='lat' dir='ltr'>foedera</span> <span class='ocrx_word' id='word_1_82' title='bbox 1316 938 1472 974; x_wconf 84' lang='lat' dir='ltr'>sunto.</span> 
     </span>
     <span class='ocr_line' id='line_1_14' title="bbox 162 995 1241 1058; baseline -0.001 -18"><span class='ocrx_word' id='word_1_83' title='bbox 162 996 386 1043; x_wconf 78' lang='lat' dir='ltr'>Exoriare</span> <span class='ocrx_word' id='word_1_84' title='bbox 411 997 579 1058; x_wconf 89' lang='lat' dir='ltr'>aliquis</span> <span class='ocrx_word' id='word_1_85' title='bbox 606 995 778 1041; x_wconf 83' lang='lat' dir='ltr'>nostris</span> <span class='ocrx_word' id='word_1_86' title='bbox 804 1012 858 1040; x_wconf 75' lang='lat' dir='ltr'>ex</span> <span class='ocrx_word' id='word_1_87' title='bbox 887 995 1074 1040; x_wconf 70' lang='lat' dir='ltr'>ossibus</span> <span class='ocrx_word' id='word_1_88' title='bbox 1103 995 1241 1049; x_wconf 85' lang='lat' dir='ltr'>ultor,</span> 
     </span>
     <span class='ocr_line' id='line_1_15' title="bbox 159 1061 1383 1123; baseline -0.002 -15"><span class='ocrx_word' id='word_1_89' title='bbox 159 1061 255 1117; x_wconf 83' lang='lat' dir='ltr'>Qui</span> <span class='ocrx_word' id='word_1_90' title='bbox 283 1061 388 1109; x_wconf 88' lang='lat' dir='ltr'>face</span> <span class='ocrx_word' id='word_1_91' title='bbox 413 1062 684 1109; x_wconf 86' lang='lat' dir='ltr'>Dardanios</span> <span class='ocrx_word' id='word_1_92' title='bbox 709 1061 930 1122; x_wconf 88' lang='lat' dir='ltr'>ferroque</span> <span class='ocrx_word' id='word_1_93' title='bbox 952 1076 1149 1123; x_wconf 86' lang='lat' dir='ltr'>sequare</span> <span class='ocrx_word' id='word_1_94' title='bbox 1174 1061 1383 1115; x_wconf 67' lang='lat' dir='ltr'>ecloum,</span> 
     </span>
     <span class='ocr_line' id='line_1_16' title="bbox 156 1127 1473 1192; baseline -0.002 -17"><span class='ocrx_word' id='word_1_95' title='bbox 156 1129 319 1185; x_wconf 91' lang='lat' dir='ltr'>Nunc,</span> <span class='ocrx_word' id='word_1_96' title='bbox 346 1130 471 1184; x_wconf 86' lang='lat' dir='ltr'>olim,</span> <span class='ocrx_word' id='word_1_97' title='bbox 500 1145 789 1192; x_wconf 87' lang='lat' dir='ltr'>quocunque</span> <span class='ocrx_word' id='word_1_98' title='bbox 815 1127 999 1173; x_wconf 85' lang='lat' dir='ltr'>dabunt</span> <span class='ocrx_word' id='word_1_99' title='bbox 1025 1143 1074 1172; x_wconf 88' lang='lat' dir='ltr'>se</span> <span class='ocrx_word' id='word_1_100' title='bbox 1101 1136 1310 1187; x_wconf 89' lang='lat' dir='ltr'>tempore</span> <span class='ocrx_word' id='word_1_101' title='bbox 1334 1128 1473 1173; x_wconf 85' lang='lat' dir='ltr'>vires.</span> 
     </span>
     <span class='ocr_line' id='line_1_17' title="bbox 159 1194 1470 1255; baseline -0.002 -13"><span class='ocrx_word' id='word_1_102' title='bbox 159 1196 343 1242; x_wconf 86' lang='lat' dir='ltr'>Littora</span> <span class='ocrx_word' id='word_1_103' title='bbox 369 1196 604 1243; x_wconf 82' lang='lat' dir='ltr'>littoribus</span> <span class='ocrx_word' id='word_1_104' title='bbox 630 1194 881 1249; x_wconf 82' lang='lat' dir='ltr'>contraria,</span> <span class='ocrx_word' id='word_1_105' title='bbox 909 1194 1135 1240; x_wconf 81' lang='lat' dir='ltr'>fluctibus</span> <span class='ocrx_word' id='word_1_106' title='bbox 1163 1194 1313 1240; x_wconf 90' lang='lat' dir='ltr'>undas</span> <span class='ocrx_word' id='word_1_107' title='bbox 1340 1196 1470 1255; x_wconf 86' lang='lat' dir='ltr'>[que.</span> 
     </span>
     <span class='ocr_line' id='line_1_18' title="bbox 157 1260 1465 1334; baseline -0.002 -27"><span class='ocrx_word' id='word_1_108' title='bbox 157 1262 421 1323; x_wconf 85' lang='lat' dir='ltr'>Imprecor,</span> <span class='ocrx_word' id='word_1_109' title='bbox 443 1279 570 1309; x_wconf 88' lang='lat' dir='ltr'>arma</span> <span class='ocrx_word' id='word_1_110' title='bbox 595 1262 766 1308; x_wconf 85' lang='lat' dir='ltr'>armis·</span> <span class='ocrx_word' id='word_1_111' title='bbox 805 1268 1020 1322; x_wconf 81' lang='lat' dir='ltr'>pugnent</span> <span class='ocrx_word' id='word_1_112' title='bbox 1043 1260 1227 1334; x_wconf 84' lang='lat' dir='ltr'>ipsique</span> <span class='ocrx_word' id='word_1_113' title='bbox 1255 1270 1465 1322; x_wconf 78' lang='lat' dir='ltr'>nepotes-</span> 
     </span>
     <span class='ocr_line' id='line_1_19' title="bbox 224 1327 1469 1390; baseline -0.002 -16"><span class='ocrx_word' id='word_1_114' title='bbox 224 1330 344 1374; x_wconf 88' lang='lat' dir='ltr'>Haec</span> <span class='ocrx_word' id='word_1_115' title='bbox 371 1330 452 1386; x_wconf 92' lang='lat' dir='ltr'>ait,</span> <span class='ocrx_word' id='word_1_116' title='bbox 480 1336 526 1375; x_wconf 87' lang='lat' dir='ltr'>et</span> <span class='ocrx_word' id='word_1_117' title='bbox 550 1337 707 1390; x_wconf 86' lang='lat' dir='ltr'>partes</span> <span class='ocrx_word' id='word_1_118' title='bbox 728 1328 937 1374; x_wconf 84' lang='lat' dir='ltr'>animum</span> <span class='ocrx_word' id='word_1_119' title='bbox 963 1327 1218 1373; x_wconf 85' lang='lat' dir='ltr'>versabat</span> <span class='ocrx_word' id='word_1_120' title='bbox 1209 1343 1253 1372; x_wconf 93' lang='lat' dir='ltr'>1n</span> <span class='ocrx_word' id='word_1_121' title='bbox 1281 1343 1469 1380; x_wconf 87' lang='lat' dir='ltr'>omnes,</span> 
     </span>
     <span class='ocr_line' id='line_1_20' title="bbox 157 1393 1470 1457; baseline -0.001 -18"><span class='ocrx_word' id='word_1_122' title='bbox 157 1395 362 1441; x_wconf 87' lang='lat' dir='ltr'>Invisam</span> <span class='ocrx_word' id='word_1_123' title='bbox 385 1411 600 1457; x_wconf 80' lang='lat' dir='ltr'>quaerens</span> <span class='ocrx_word' id='word_1_124' title='bbox 621 1393 967 1457; x_wconf 83' lang='lat' dir='ltr'>quamprimum</span> <span class='ocrx_word' id='word_1_125' title='bbox 998 1394 1279 1452; x_wconf 82' lang='lat' dir='ltr'>abrumpere</span> <span class='ocrx_word' id='word_1_126' title='bbox 1302 1394 1470 1438; x_wconf 83' lang='lat' dir='ltr'>iucem.</span> 
     </span>
     <span class='ocr_line' id='line_1_21' title="bbox 156 1458 1470 1514; baseline 0.001 -8"><span class='ocrx_word' id='word_1_127' title='bbox 156 1462 282 1507; x_wconf 88' lang='lat' dir='ltr'>Tum</span> <span class='ocrx_word' id='word_1_128' title='bbox 311 1462 514 1509; x_wconf 86' lang='lat' dir='ltr'>breviter</span> <span class='ocrx_word' id='word_1_129' title='bbox 535 1463 714 1508; x_wconf 82' lang='lat' dir='ltr'>Barcen</span> <span class='ocrx_word' id='word_1_130' title='bbox 741 1460 973 1507; x_wconf 79' lang='lat' dir='ltr'>nutricem</span> <span class='ocrx_word' id='word_1_131' title='bbox 1000 1460 1142 1505; x_wconf 85' lang='lat' dir='ltr'>affata</span> <span class='ocrx_word' id='word_1_132' title='bbox 1163 1460 1353 1514; x_wconf 79' lang='lat' dir='ltr'>Sichaei,</span> <span class='ocrx_word' id='word_1_133' title='bbox 1375 1458 1470 1507; x_wconf 69' lang='lat'>63²2</span> 
     </span>
     <span class='ocr_line' id='line_1_22' title="bbox 156 1526 1469 1590; baseline -0.002 -16"><span class='ocrx_word' id='word_1_134' title='bbox 156 1528 380 1590; x_wconf 86' lang='lat' dir='ltr'>Namque</span> <span class='ocrx_word' id='word_1_135' title='bbox 406 1545 539 1575; x_wconf 82' lang='lat' dir='ltr'>suam</span> <span class='ocrx_word' id='word_1_136' title='bbox 567 1528 719 1589; x_wconf 69' lang='lat' dir='ltr'>patria</span> <span class='ocrx_word' id='word_1_137' title='bbox 744 1527 938 1588; x_wconf 71' lang='lat' dir='ltr'>antiqua</span> <span class='ocrx_word' id='word_1_138' title='bbox 964 1527 1081 1572; x_wconf 80' lang='lat' dir='ltr'>cinis</span> <span class='ocrx_word' id='word_1_139' title='bbox 1108 1535 1210 1572; x_wconf 86' lang='lat' dir='ltr'>ater</span> <span class='ocrx_word' id='word_1_140' title='bbox 1236 1526 1469 1572; x_wconf 87' lang='lat' dir='ltr'>babebat:</span> 
     </span>
     <span class='ocr_line' id='line_1_23' title="bbox 157 1593 1379 1650; baseline -0.002 -10"><span class='ocrx_word' id='word_1_141' title='bbox 157 1596 359 1650; x_wconf 88' lang='lat' dir='ltr'>Annam,</span> <span class='ocrx_word' id='word_1_142' title='bbox 381 1610 489 1640; x_wconf 88' lang='lat' dir='ltr'>cara</span> <span class='ocrx_word' id='word_1_143' title='bbox 533 1594 643 1640; x_wconf 89' lang='lat' dir='ltr'>mihi</span> <span class='ocrx_word' id='word_1_144' title='bbox 686 1593 859 1648; x_wconf 80' lang='lat' dir='ltr'>nutrix,</span> <span class='ocrx_word' id='word_1_145' title='bbox 889 1593 979 1638; x_wconf 84' lang='lat' dir='ltr'>huc</span> <span class='ocrx_word' id='word_1_146' title='bbox 1006 1593 1114 1638; x_wconf 86' lang='lat' dir='ltr'>siste</span> <span class='ocrx_word' id='word_1_147' title='bbox 1140 1609 1379 1638; x_wconf 87' lang='lat' dir='ltr'>sororem:</span> 
     </span>
     <span class='ocr_line' id='line_1_24' title="bbox 157 1658 1380 1723; baseline -0.002 -18"><span class='ocrx_word' id='word_1_148' title='bbox 157 1659 251 1706; x_wconf 93' lang='lat' dir='ltr'>Dic</span> <span class='ocrx_word' id='word_1_149' title='bbox 276 1676 449 1722; x_wconf 87' lang='lat' dir='ltr'>corpus</span> <span class='ocrx_word' id='word_1_150' title='bbox 473 1668 695 1723; x_wconf 82' lang='lat' dir='ltr'>properet</span> <span class='ocrx_word' id='word_1_151' title='bbox 721 1658 895 1705; x_wconf 87' lang='lat' dir='ltr'>fluviali</span> <span class='ocrx_word' id='word_1_152' title='bbox 922 1674 1138 1720; x_wconf 83' lang='lat' dir='ltr'>spargere</span> <span class='ocrx_word' id='word_1_153' title='bbox 1165 1659 1380 1720; x_wconf 70' lang='lat' dir='ltr'>lympha,</span> 
     </span>
     <span class='ocr_line' id='line_1_25' title="bbox 156 1724 1401 1788; baseline 0 -16"><span class='ocrx_word' id='word_1_154' title='bbox 156 1727 218 1772; x_wconf 83' lang='lat' dir='ltr'>Et</span> <span class='ocrx_word' id='word_1_155' title='bbox 242 1729 453 1788; x_wconf 83' lang='lat' dir='ltr'>pecudes</span> <span class='ocrx_word' id='word_1_156' title='bbox 479 1744 641 1774; x_wconf 89' lang='lat' dir='ltr'>secum</span> <span class='ocrx_word' id='word_1_157' title='bbox 668 1735 715 1772; x_wconf 88' lang='lat' dir='ltr'>et</span> <span class='ocrx_word' id='word_1_158' title='bbox 742 1733 1003 1771; x_wconf 80' lang='lat' dir='ltr'>monstrata</span> <span class='ocrx_word' id='word_1_159' title='bbox 1026 1724 1218 1787; x_wconf 83' lang='lat' dir='ltr'>piacula</span> <span class='ocrx_word' id='word_1_160' title='bbox 1239 1725 1401 1773; x_wconf 78' lang='lat' dir='ltr'>ducat.</span> 
     </span>
     <span class='ocr_line' id='line_1_26' title="bbox 158 1790 1370 1855; baseline -0.002 -16"><span class='ocrx_word' id='word_1_161' title='bbox 158 1793 235 1839; x_wconf 91' lang='lat' dir='ltr'>Sic</span> <span class='ocrx_word' id='word_1_162' title='bbox 256 1794 438 1848; x_wconf 89' lang='lat' dir='ltr'>veniat;</span> <span class='ocrx_word' id='word_1_163' title='bbox 479 1802 625 1855; x_wconf 88' lang='lat' dir='ltr'>tuque</span> <span class='ocrx_word' id='word_1_164' title='bbox 646 1793 746 1853; x_wconf 84' lang='lat' dir='ltr'>ipsa</span> <span class='ocrx_word' id='word_1_165' title='bbox 769 1793 846 1853; x_wconf 74' lang='lat' dir='ltr'>&#39;pia</span> <span class='ocrx_word' id='word_1_166' title='bbox 873 1800 977 1853; x_wconf 82' lang='lat' dir='ltr'>tege</span> <span class='ocrx_word' id='word_1_167' title='bbox 998 1798 1212 1852; x_wconf 87' lang='lat' dir='ltr'>tempora</span> <span class='ocrx_word' id='word_1_168' title='bbox 1233 1790 1370 1837; x_wconf 68' lang='lat' dir='ltr'>vitta.</span> 
     </span>
     <span class='ocr_line' id='line_1_27' title="bbox 157 1858 1303 1922; baseline -0.003 -18"><span class='ocrx_word' id='word_1_169' title='bbox 157 1859 304 1905; x_wconf 84' lang='lat' dir='ltr'>Sacra</span> <span class='ocrx_word' id='word_1_170' title='bbox 328 1860 434 1906; x_wconf 91' lang='lat' dir='ltr'>Jovi</span> <span class='ocrx_word' id='word_1_171' title='bbox 461 1860 640 1922; x_wconf 78' lang='lat' dir='ltr'>Stygio,</span> <span class='ocrx_word' id='word_1_172' title='bbox 670 1875 777 1921; x_wconf 83' lang='lat' dir='ltr'>quae</span> <span class='ocrx_word' id='word_1_173' title='bbox 802 1858 889 1904; x_wconf 74' lang='lat' dir='ltr'>rite</span> <span class='ocrx_word' id='word_1_174' title='bbox 916 1858 1103 1919; x_wconf 85' lang='lat' dir='ltr'>incepta</span> <span class='ocrx_word' id='word_1_175' title='bbox 1129 1859 1303 1917; x_wconf 87' lang='lat' dir='ltr'>paravi,</span> 
     </span>
     <span class='ocr_line' id='line_1_28' title="bbox 156 1924 1468 1985; baseline -0.002 -13"><span class='ocrx_word' id='word_1_176' title='bbox 156 1924 392 1972; x_wconf 83' lang='lat' dir='ltr'>Perficere</span> <span class='ocrx_word' id='word_1_177' title='bbox 413 1935 483 1972; x_wconf 86' lang='lat' dir='ltr'>est</span> <span class='ocrx_word' id='word_1_178' title='bbox 502 1927 686 1972; x_wconf 86' lang='lat' dir='ltr'>animus</span> <span class='ocrx_word' id='word_1_179' title='bbox 706 1943 717 1980; x_wconf 92' lang='lat'>;</span> <span class='ocrx_word' id='word_1_180' title='bbox 756 1924 997 1985; x_wconf 88' lang='lat' dir='ltr'>finemque</span> <span class='ocrx_word' id='word_1_181' title='bbox 1039 1925 1277 1984; x_wconf 82' lang='lat' dir='ltr'>imponere</span> <span class='ocrx_word' id='word_1_182' title='bbox 1313 1925 1435 1970; x_wconf 82' lang='lat' dir='ltr'>curis</span> <span class='ocrx_word' id='word_1_183' title='bbox 1457 1943 1468 1979; x_wconf 91' lang='lat'>;</span> 
     </span>
     <span class='ocr_line' id='line_1_29' title="bbox 158 1988 1409 2054; baseline 0.001 -18"><span class='ocrx_word' id='word_1_184' title='bbox 158 1992 486 2053; x_wconf 80' lang='lat' dir='ltr'>Dardaniique</span> <span class='ocrx_word' id='word_1_185' title='bbox 513 2009 676 2054; x_wconf 83' lang='lat' dir='ltr'>rogum</span> <span class='ocrx_word' id='word_1_186' title='bbox 704 1991 870 2053; x_wconf 87' lang='lat' dir='ltr'>capitis</span> <span class='ocrx_word' id='word_1_187' title='bbox 895 1990 1166 2052; x_wconf 90' lang='lat' dir='ltr'>permittere</span> <span class='ocrx_word' id='word_1_188' title='bbox 1192 1988 1409 2037; x_wconf 73' lang='lat' dir='ltr'>flammae.</span> 
     </span>
     <span class='ocr_line' id='line_1_30' title="bbox 158 2056 1464 2119; baseline -0.001 -14"><span class='ocrx_word' id='word_1_189' title='bbox 158 2059 238 2105; x_wconf 89' lang='lat' dir='ltr'>Sic</span> <span class='ocrx_word' id='word_1_190' title='bbox 259 2059 339 2106; x_wconf 90' lang='lat' dir='ltr'>ait.</span> <span class='ocrx_word' id='word_1_191' title='bbox 413 2059 497 2105; x_wconf 85' lang='lat' dir='ltr'>Illa</span> <span class='ocrx_word' id='word_1_192' title='bbox 517 2058 715 2119; x_wconf 80' lang='lat' dir='ltr'>gradum</span> <span class='ocrx_word' id='word_1_193' title='bbox 742 2057 899 2104; x_wconf 83' lang='lat' dir='ltr'>studio</span> <span class='ocrx_word' id='word_1_194' title='bbox 919 2057 1161 2104; x_wconf 82' lang='lat' dir='ltr'>celerabat</span> <span class='ocrx_word' id='word_1_195' title='bbox 1177 2056 1302 2101; x_wconf 84' lang='lat' dir='ltr'>anili.</span> <span class='ocrx_word' id='word_1_196' title='bbox 1373 2057 1464 2104; x_wconf 71' lang='lat'>641.</span> 
     </span>
     <span class='ocr_line' id='line_1_31' title="bbox 224 2121 1413 2188; baseline -0.003 -17"><span class='ocrx_word' id='word_1_197' title='bbox 224 2127 288 2172; x_wconf 86' lang='lat' dir='ltr'>At</span> <span class='ocrx_word' id='word_1_198' title='bbox 312 2125 498 2188; x_wconf 85' lang='lat' dir='ltr'>trepida</span> <span class='ocrx_word' id='word_1_199' title='bbox 524 2135 569 2171; x_wconf 89' lang='lat' dir='ltr'>et</span> <span class='ocrx_word' id='word_1_200' title='bbox 594 2124 765 2187; x_wconf 86' lang='lat' dir='ltr'>coeptis</span> <span class='ocrx_word' id='word_1_201' title='bbox 791 2124 1075 2170; x_wconf 85' lang='lat' dir='ltr'>immanibus</span> <span class='ocrx_word' id='word_1_202' title='bbox 1100 2121 1243 2168; x_wconf 86' lang='lat' dir='ltr'>effera</span> <span class='ocrx_word' id='word_1_203' title='bbox 1270 2122 1413 2173; x_wconf 84' lang='lat' dir='ltr'>Dido,</span> 
     </span>
     <span class='ocr_line' id='line_1_32' title="bbox 159 2189 1468 2253; baseline -0.001 -15"><span class='ocrx_word' id='word_1_204' title='bbox 159 2191 474 2253; x_wconf 86' lang='lat' dir='ltr'>Sanguineam</span> <span class='ocrx_word' id='word_1_205' title='bbox 499 2192 690 2236; x_wconf 88' lang='lat' dir='ltr'>volvens</span> <span class='ocrx_word' id='word_1_206' title='bbox 706 2191 874 2244; x_wconf 82' lang='lat' dir='ltr'>aciem,</span> <span class='ocrx_word' id='word_1_207' title='bbox 897 2189 1194 2249; x_wconf 83' lang='lat' dir='ltr'>maculisque</span> <span class='ocrx_word' id='word_1_208' title='bbox 1219 2196 1468 2237; x_wconf 77' lang='lat' dir='ltr'>trementes</span> 
     </span>
     <span class='ocr_line' id='line_1_33' title="bbox 158 2255 1228 2318; baseline -0.003 -15"><span class='ocrx_word' id='word_1_209' title='bbox 158 2257 397 2304; x_wconf 80' lang='lat' dir='ltr'>Interfusa</span> <span class='ocrx_word' id='word_1_210' title='bbox 421 2274 580 2318; x_wconf 82' lang='lat' dir='ltr'>genas,</span> <span class='ocrx_word' id='word_1_211' title='bbox 608 2265 655 2303; x_wconf 91' lang='lat' dir='ltr'>et</span> <span class='ocrx_word' id='word_1_212' title='bbox 679 2257 850 2318; x_wconf 83' lang='lat' dir='ltr'>pallida</span> <span class='ocrx_word' id='word_1_213' title='bbox 878 2264 1027 2302; x_wconf 87' lang='lat' dir='ltr'>morte</span> <span class='ocrx_word' id='word_1_214' title='bbox 1052 2255 1228 2308; x_wconf 70' lang='lat' dir='ltr'>futura,</span> 
     </span>
     <span class='ocr_line' id='line_1_34' title="bbox 157 2321 1240 2385; baseline -0.004 -15"><span class='ocrx_word' id='word_1_215' title='bbox 157 2324 386 2370; x_wconf 83' lang='lat' dir='ltr'>Interiora</span> <span class='ocrx_word' id='word_1_216' title='bbox 412 2323 584 2369; x_wconf 74' lang='lat' dir='ltr'>domus</span> <span class='ocrx_word' id='word_1_217' title='bbox 610 2324 828 2385; x_wconf 87' lang='lat' dir='ltr'>irrumpit</span> <span class='ocrx_word' id='word_1_218' title='bbox 852 2322 1029 2377; x_wconf 91' lang='lat' dir='ltr'>limina,</span> <span class='ocrx_word' id='word_1_219' title='bbox 1055 2330 1102 2367; x_wconf 90' lang='lat' dir='ltr'>et</span> <span class='ocrx_word' id='word_1_220' title='bbox 1121 2321 1240 2366; x_wconf 82' lang='lat' dir='ltr'>altos</span> 
     </span>
     <span class='ocr_line' id='line_1_35' title="bbox 160 2387 1436 2451; baseline -0.002 -15"><span class='ocrx_word' id='word_1_221' title='bbox 160 2389 450 2436; x_wconf 86' lang='lat' dir='ltr'>Conscendit</span> <span class='ocrx_word' id='word_1_222' title='bbox 473 2388 731 2436; x_wconf 85' lang='lat' dir='ltr'>furibunda</span> <span class='ocrx_word' id='word_1_223' title='bbox 756 2406 911 2451; x_wconf 85' lang='lat' dir='ltr'>rogos,</span> <span class='ocrx_word' id='word_1_224' title='bbox 937 2404 1191 2450; x_wconf 87' lang='lat' dir='ltr'>ensemque</span> <span class='ocrx_word' id='word_1_225' title='bbox 1231 2387 1436 2434; x_wconf 71' lang='lat' dir='ltr'>recludit</span> 
     </span>
     <span class='ocr_line' id='line_1_36' title="bbox 160 2454 1400 2519; baseline -0.003 -16"><span class='ocrx_word' id='word_1_226' title='bbox 160 2456 474 2513; x_wconf 85' lang='lat' dir='ltr'>Dardanium,</span> <span class='ocrx_word' id='word_1_227' title='bbox 501 2471 593 2502; x_wconf 87' lang='lat' dir='ltr'>non</span> <span class='ocrx_word' id='word_1_228' title='bbox 622 2456 706 2502; x_wconf 82' lang='lat' dir='ltr'>lios</span> <span class='ocrx_word' id='word_1_229' title='bbox 733 2456 983 2519; x_wconf 83' lang='lat' dir='ltr'>quaesitum</span> <span class='ocrx_word' id='word_1_230' title='bbox 1011 2470 1178 2501; x_wconf 89' lang='lat' dir='ltr'>munus</span> <span class='ocrx_word' id='word_1_231' title='bbox 1200 2454 1245 2500; x_wconf 93' lang='lat' dir='ltr'>in</span> <span class='ocrx_word' id='word_1_232' title='bbox 1273 2471 1400 2500; x_wconf 80' lang='lat' dir='ltr'>usus.</span> 
     </span>
    </p>
   </div>
  </div>
 </body>
</html>
