1607 2700
144 97 228 146 162
478 108 523 144 P.
565 107 821 143 vfflGth
853 107 1116 143 Mlinoms

137 234 520 291 Humentemque
545 230 728 275 Aurora
753 227 866 290 polo
891 228 1156 275 dimoverat
1184 227 1425 284 mnbmmg

136 299 257 345 Cum
286 299 352 345 sic
369 295 636 342 unanimam
658 294 921 356 alloquitur
938 295 1054 341 male
1077 310 1188 341 sana
1203 311 1411 340 sororem
1433 311 1445 342 ε

137 369 276 411 Anna
302 379 449 417 soror,
477 378 582 423 quae
603 378 676 407 me
695 377 970 422 suspensam
988 361 1218 406 insomnia
1235 362 1448 408 terrent?

137 431 256 485 Quis
278 447 426 477 novus
442 429 515 474 hic
533 427 706 474 uostris
727 427 956 473 successit
970 426 1161 472 sedibus
1174 428 1366 489 hospes?
1389 435 1448 474 10

137 497 292 551 Quem
309 513 406 543 sese
425 511 505 541 ore
519 494 694 540 ferens!
715 492 860 553 quam
879 492 989 539 forti
1004 502 1198 555 pectore
1215 503 1262 539 et
1279 494 1445 541 armis!

139 563 297 609 Credo
322 562 559 625 equidem,
582 575 668 605 nec
696 575 813 605 vana
837 558 972 615 fides,
1003 575 1145 621 genus
1181 576 1280 606 esse
1323 561 1449 606 Deo-

268 646 390 675 rum.

137 696 406 755 Degeneres
431 692 610 738 animos
635 691 778 736 timor
795 691 964 752 arguit.
1037 691 1144 737 Heu
1171 690 1343 752 'quibus
1370 691 1448 738 ille

136 762 356 807 Jactatus
384 759 520 806 fatis!
562 774 670 819 quae
696 758 819 803 bella
844 758 1074 802 exhausta
1098 758 1328 804 canebat!

137 828 186 874 Si
209 827 321 872 mihi
347 843 440 873 non
466 824 624 870 animo
649 822 797 870 fixum
818 825 1167 884 immotumque
1192 824 1390 880 sederet,

137 893 211 939 Ne
237 893 311 939 cui
339 910 412 939 me
439 892 595 937 vinclo
616 890 782 936 vellem
811 891 993 936 sociare
1011 890 1183 951 jugali,

139 960 398 1022 Postquam
420 959 599 1020 primus
624 973 755 1002 amor
780 957 1029 1018 deceptam
1057 963 1207 1002 morte
1245 954 1409 1003 fefellit
1432 973 1445 1011 ς

138 1026 183 1071 Si
201 1042 294 1071 non
316 1034 574 1088 pertaesum
601 1022 795 1069 thalami
823 1023 1058 1083 taedaeque
1083 1021 1279 1075 fuisset;

139 1093 264 1138 Huic
290 1092 371 1138 uni
396 1091 556 1138 forsan
582 1091 718 1153 potui
744 1090 1055 1135 succumbere
1080 1089 1255 1150 culpae.

142 1160 296 1215 Anna,
324 1157 509 1204 fatebor
533 1157 674 1213 enim,
704 1155 857 1202 miseri
882 1162 998 1218 post
1024 1155 1117 1202 fata
1139 1154 1313 1201 Sichaei
1384 1163 1447 1204 520

139 1224 388 1285 Conjugis,
416 1232 463 1270 et
489 1239 679 1285 sparsos
704 1222 910 1269 fraterna
935 1220 1067 1268 caede
1095 1223 1327 1276 Penates;

138 1291 277 1337 Solus
305 1291 381 1336 hic
422 1288 603 1336 inflexit
641 1305 824 1345 sensus,
867 1288 1169 1350 animumque
1207 1289 1447 1335 labantem

138 1357 335 1418 Impulit
359 1373 370 1402 ι
409 1372 618 1418 agnosco
644 1355 816 1402 veteris
842 1355 1035 1415 vestigia
1055 1354 1273 1401 fiammae.

138 1424 233 1470 Sed
261 1423 374 1469 mihi
399 1423 472 1469 vel
497 1423 636 1468 tellus
662 1429 820 1484 optem
844 1422 977 1483 prius
1002 1421 1096 1467 ima
1120 1421 1342 1468 dehiscat
1367 1437 1380 1475 ;

138 1490 224 1536 Vel
282 1491 424 1538 Pater
456 1489 760 1551 omnipotens
810 1489 972 1551 adigat
1003 1505 1077 1534 me
1123 1488 1320 1534 fulmine
1374 1487 1433 1533 ad

269 1557 479 1611 umbras,

136 1623 376 1669 Pallentes
403 1621 595 1668 umbras
621 1621 777 1677 Erebi,
805 1628 1093 1682 noctemque
1118 1621 1421 1681 profundam,

135 1692 280 1745 Ante,
309 1689 485 1745 Pudor,
515 1687 656 1750 quam
679 1699 722 1733 te
745 1687 882 1742 violo,
910 1695 995 1733 aut
1020 1688 1224 1746 tuajura
1242 1690 1442 1734 resulto.

135 1755 222 1802 Ille
247 1772 393 1812 meos,
421 1757 599 1816 primus
626 1755 707 1816 qui
733 1771 807 1800 me
833 1753 923 1799 sihi
940 1753 1123 1814 junxit,
1146 1769 1325 1799 amores

134 1822 371 1868 Abstulit:
410 1822 487 1868 ille
513 1820 686 1867 habeat
712 1837 887 1875 secum,
916 1829 1166 1881 servetque
1204 1819 1440 1882 sepulcro,

135 1889 217 1935 Sic
242 1889 404 1945 effata,
432 1888 585 1934 sinum
611 1887 829 1950 lacrymis
852 1886 1070 1948 implevit
1094 1886 1293 1945 obortis.
1381 1894 1443 1934 30

200 1958 340 2002 Anna
364 1954 534 2001 refert:
575 1955 618 2000 O
645 1954 751 2000 luce
778 1953 925 2014 magis
952 1952 1130 1999 dilecta
1155 1952 1320 2009 sorori,

135 2022 307 2068 Solane
333 2022 563 2084 perpetua
590 2037 792 2067 moerens
818 2020 1011 2082 carpere
1029 2020 1268 2079 juventii?

132 2088 237 2135 Nec
264 2088 431 2134 dulces
458 2096 606 2142 natos,
634 2087 826 2132 Veneris
851 2103 938 2133 nec
961 2087 1153 2147 praemia
1177 2085 1342 2132 noris?

134 2153 189 2199 Id
218 2155 441 2211 cinerem,
469 2161 550 2200 aut
575 2169 732 2199 manes
758 2153 908 2200 credis
936 2169 1103 2199 curare
1128 2153 1376 2214 sepultos?

132 2221 278 2266 Esto:
317 2236 490 2281 aegram
519 2221 632 2266 nulli
660 2221 899 2281 quondam
922 2219 1092 2265 flexere
1121 2220 1304 2274 ma1·iti;

132 2287 249 2332 Non
273 2287 457 2349 Libyae,
484 2303 579 2333 non
618 2288 727 2333 ante
755 2288 886 2348 Tyro
910 2304 920 2333 ε
971 2286 1228 2347 despectus
1255 2287 1440 2343 Iarbas,

113 2353 466 2417 'Ductoresque
491 2353 586 2408 alii,
614 2369 734 2415 quos
758 2354 922 2400 Africa
945 2361 1063 2399 terra
1090 2353 1341 2416 triumphis

132 2419 390 2465 Divesalit
415 2437 426 2466 ε
467 2421 707 2482 placitone
733 2421 873 2467 etiam
897 2419 1133 2482 pugnabis
1160 2419 1310 2465 amori
1332 2421 1350 2464 3

132 2486 233 2533 Nec
263 2487 387 2533 venit
414 2487 456 2533 in
484 2495 704 2544 mentem,
732 2504 932 2549 quorum
961 2488 1235 2533 consederis
1263 2486 1417 2533 arvis?
