1614 2694
138 30 200 72 38
469 40 517 73 P.
557 39 803 74 VIRGILII
845 10 1110 75 MARoisss

137 131 192 176 In
216 135 354 197 pejus
379 148 530 188 ruere,
557 149 611 179 ac
635 143 760 180 retro
778 133 1004 197 sublapsa
1028 134 1205 181 referri.
1344 143 1442 184 200

137 198 248 244 Non
273 198 408 244 aliter
427 199 565 260 quam
592 201 672 262 qui
697 201 896 246 adverso
922 200 997 246 vix
1020 200 1209 247 flumine
1230 201 1438 249 lembum

138 263 362 326 Remigiis
389 266 582 327 subigit,
607 267 644 312 si
671 267 863 313 brachia
884 266 1005 313 forte
1029 268 1223 324 remisit,

116 332 298 399 3,Atque
323 331 452 377 illum
478 332 521 377 in
546 349 763 396 praeceps
788 348 939 394 prono
959 334 1084 394 rapit
1108 335 1267 381 alveus
1293 335 1438 382 amni.

109 385 435 445 ”brPraeterea
461 407 555 444 tam
581 409 691 445 sunt
716 399 907 446 Arcturi
929 399 1085 446 sidera
1105 401 1260 457 nobis,

135 463 495 525 Haedorumque
516 465 617 511 dies
638 465 868 521 servandi,
895 474 942 511 et
966 466 1150 512 lucidus
1177 468 1357 527 Anguis
1378 485 1390 521 ;

135 528 292 582 Quam
306 530 478 592 quibus
500 531 543 577 in
557 533 755 593 patriam
769 541 965 578 ventosa
975 548 1060 593 per
1073 549 1267 593 aequora
1287 535 1436 580 vectis

133 595 313 642 Pontus
340 605 388 643 et
411 598 613 644 ostriferi
637 599 798 644 fauces
821 608 1063 645 tentantur
1086 600 1263 661 Abydi.

132 662 276 709 Libra
294 663 368 709 die
392 665 636 726 somnique
656 681 792 727 pares
817 666 900 711 ubi
926 665 1093 711 fecerit
1120 666 1273 721 horas,

131 729 194 775 Et
217 729 424 776 medium
450 731 546 776 luci
570 741 713 794 atque
732 732 1019 792 umbrisjam
1047 730 1216 777 dividit
1241 733 1433 780 orbem:

132 795 379 851 Exercete‚
406 796 509 854 viri,
536 808 712 854 tauros,
739 798 876 845 serite
902 797 1078 844 hordea
1096 799 1298 859 campis,
1337 805 1437 846 210
1469 834 1471 837 v

131 861 298 924 Usque
309 863 397 908 sub
411 873 675 912 extremum
689 867 867 911 brumae
885 865 1197 911 intractabilis
1219 865 1433 911 imbrem.

129 927 333 975 Necnon
357 937 406 976 et
429 930 512 976 lini
535 940 741 995 segetem
770 940 816 979 et
834 932 1016 978 cereale
1034 947 1243 994 papaver
1313 931 1434 994 [tris,

129 996 340 1057 Tempus
353 996 496 1044 humo
511 1006 680 1061 tegere,
692 998 878 1061 etjamd
888 999 1031 1044 udum
1043 1000 1116 1044 inc
1127 998 1317 1043 umbere
1329 1012 1432 1043 ara-

129 1062 259 1108 Dum
285 1063 413 1110 sicca
432 1064 596 1113 tellure
620 1066 748 1123 hcet,
776 1066 888 1112 dum
916 1066 1077 1112 nubila
1094 1064 1388 1126 pendentm(

128 1129 248 1175 Vere
269 1129 388 1176 fabis
415 1132 566 1180 satio:
603 1143 699 1180 tum
720 1142 765 1179 te
792 1149 1002 1195 quoque,
1031 1132 1242 1187 Medica,
1264 1138 1431 1193 putres

127 1195 386 1255 Accipiunt
412 1200 558 1254 sulci;
596 1210 643 1246 et
669 1200 793 1246 milio
816 1201 944 1246 venit
967 1215 1123 1245 annua
1149 1215 1285 1244 cura:

130 1262 376 1310 Candidus
401 1267 578 1311 auratis
604 1267 753 1328 aperit
778 1265 889 1312 cum
913 1266 1137 1312 cornibus
1161 1281 1336 1311 aunum

121 1328 596 1389 ‘Taurussstadverso
607 1334 780 1379 cedens
801 1332 928 1378 canis
953 1333 1134 1378 occidit
1151 1342 1296 1377 astro,

124 1397 189 1442 At
213 1396 252 1442 Si
275 1398 511 1445 triticeam
536 1401 579 1445 in
605 1417 804 1446 messem
829 1401 1125 1462 robustaque
1147 1399 1271 1444 farra

124 1464 378 1511 Exercebis
405 1466 616 1522 humum,
637 1468 846 1528 solisque
869 1466 1070 1512 instabis
1095 1465 1270 1512 aristis:
1333 1471 1430 1512 2⁶20

123 1530 250 1578 Ante
275 1531 360 1577 tibi
383 1533 497 1578 Eoae
523 1533 786 1579 Atlantides
810 1533 1185 1588 abscondantur,

124 1596 398 1659 Gnosiaque
449 1599 655 1645 ardentis
680 1600 886 1647 decedat
911 1599 1046 1645 stella
1073 1600 1293 1652 Coronae,

126 1663 300 1711 Debita
333 1665 476 1727 quam
513 1666 654 1712 sulcis
678 1667 944 1713 committas
971 1665 1162 1721 semina,
1188 1663 1428 1727 quamque

121 1729 545 1794 Invitaeproperes
561 1735 671 1780 anni
696 1750 829 1795 spem
856 1732 1049 1780 credere
1076 1741 1228 1778 terrae.

122 1797 268 1844 Multi
290 1807 396 1845 ante
418 1816 646 1846 occasum
668 1800 808 1846 Maiae
833 1816 1020 1861 coepere
1040 1817 1051 1852 ;
1079 1799 1163 1845 sed
1190 1798 1293 1845 illos

122 1866 394 1927 Expectata
430 1882 563 1927 seges
588 1867 719 1913 vanis
744 1867 880 1913 elusit
905 1867 1074 1913 aristis.

122 1932 172 1977 Si
198 1932 310 1979 vero
337 1933 604 1995 viciamque
630 1951 774 1990 seres,
803 1934 1040 1996 vilemque
1064 1932 1278 1989 faselum,

121 1998 227 2045 Nec
250 1999 510 2047 Pelusiacae
537 2017 697 2048 curam
723 2000 1034 2063 aspernabere
1059 1999 1193 2045 lentis
1215 2017 1227 2054 ;

123 2064 269 2112 Haud
294 2066 501 2114 obscura
525 2070 698 2115 cadens
723 2069 879 2114 mittet
903 2066 990 2113 tibi
1015 2067 1145 2129 signa
1177 2069 1377 2112 Bootes:

122 2131 308 2194 Incipe,
339 2142 389 2180 et
412 2133 473 2179 ad
501 2135 678 2182 medias
708 2143 963 2181 sementem
984 2133 1186 2180 extende
1213 2134 1422 2194 pruinas.

189 2199 379 2245 Idcirco
404 2201 542 2247 certis
566 2201 834 2248 dimensum
859 2201 1077 2264 partibus
1097 2202 1257 2247 orbem
1329 2207 1420 2248 231

124 2265 213 2312 Per
237 2265 458 2313 duodena
475 2267 598 2329 regit
621 2268 784 2314 mundi
802 2269 881 2314 Sol
904 2284 1072 2315 aureus
1096 2276 1238 2313 astra.
1265 2268 1425 2329 [rusco

122 2332 348 2394 Quinque
380 2340 542 2380 tenent
587 2336 755 2382 coelum
795 2352 951 2382 zonae:
999 2350 1194 2396 quarum
1231 2350 1321 2378 una
1345 2350 1424 2378 co-

121 2399 323 2460 Semper
338 2400 444 2447 Sole
467 2401 658 2459 rubens,
684 2410 730 2447 et
756 2403 931 2449 torrida
957 2417 1143 2463 semper
1165 2401 1224 2445 ab
1247 2400 1368 2461 igni3

124 2466 279 2519 Quam
298 2465 479 2514 circum
499 2480 718 2516 extremae
735 2469 901 2517 dextra
927 2470 1140 2529 laevaque
1159 2469 1423 2529 trahuntur,
