1607 2700
201 78 297 127 264·
534 94 580 126 P.
620 93 867 127 VIRGILII
910 92 1171 126 MAizoms

202 213 516 273 Mirabarque
541 212 690 260 duces
715 214 946 268 TeucrOS,
972 213 1179 260 mirabar
1197 221 1243 258 et
1268 212 1423 274 ipsum

200 278 635 325 Laomedontiaden
661 298 672 334 ;
701 279 785 326 sed
815 279 1002 325 cunctis
1027 279 1164 325 altior
1182 279 1284 325 ibat

197 344 450 392 Anchises,
521 345 646 392 Mihi
670 346 1027 406 mensjuvenali
1052 346 1254 393 ardebat
1278 361 1433 391 amore

198 411 496 473 Compellare
513 412 684 468 virum,
710 421 757 457 et
781 412 964 458 dextrae
977 413 1265 473 conjungere
1283 412 1511 458 dextram.

196 478 414 532 Accessi,
436 487 485 525 ct
509 479 717 540 cupidus
741 477 919 523 Phenei
943 478 1030 523 sub
1055 479 1225 525 moenia
1250 479 1380 525 duxi.

199 544 291 589 Ille
316 545 431 590 mihi
456 545 685 607 insignem
713 544 976 605 pharetram
1017 545 1284 607 Lyciasque
1310 544 1510 607 sagittas

197 610 466 657 Discedens
497 611 896 673 chlamydemque
909 625 1025 655 auro
1041 610 1175 657 dedit
1191 613 1509 666 intertextam,

196 677 461 738 Fraenaque
479 676 607 733 bina,
627 693 761 723 meus
780 692 887 739 quae
907 692 1032 722 nunc
1049 676 1208 733 habet,
1227 694 1385 734 aurea,
1407 678 1512 724 Pal-

330 743 413 789 las.
1392 746 1510 806 [tra;

195 808 323 869 Ergo
340 818 404 866 et,
429 826 572 870 quam
597 809 780 871 petitis,
801 809 977 870 juncta
993 816 1060 854 est
1073 808 1186 854 mihi
1205 808 1380 855 foedere
1401 811 1515 856 dex-

198 875 258 920 Et
277 876 360 921 lux
384 876 492 922 cum
515 876 719 939 primum
745 876 880 922 terris
908 892 955 921 se
981 875 1187 921 crastina
1207 875 1394 932 reddet,
1423 884 1513 930 170

195 942 389 988 Auxilio
411 943 546 989 laetos
574 943 828 998 dimittam,
856 942 1126 1004 opibusque
1147 942 1348 1002 juvabo,

195 1008 386 1055 Interea
411 1025 546 1055 sacra
571 1010 688 1066 liaec,
719 1009 913 1072 quando
934 1010 1026 1055 huc
1049 1009 1236 1054 venistis
1262 1009 1422 1064 amici,

194 1078 387 1131 Annua,
408 1092 516 1138 quae
533 1075 726 1122 differre
747 1075 896 1133 nefas,
916 1075 1156 1121 celebrate
1177 1074 1390 1123 faventes
1413 1076 1512 1139 [sits.

197 1141 482 1197 Nobiscum,
511 1144 672 1204 etjam
699 1159 825 1188 nuuc
848 1142 1084 1188 sociorum
1110 1142 1366 1188 assuescite
1385 1160 1514 1188 meu-

264 1209 385 1255 Haec
412 1210 492 1256 ubi
518 1210 665 1265 dicta,
693 1209 842 1271 dapes
863 1209 1011 1268 jubet
1035 1218 1082 1255 et
1103 1209 1293 1255 sublata
1316 1211 1481 1271 reponi

195 1275 392 1331 Pocula,
418 1279 754 1338 gramineoque
781 1275 903 1321 viros
924 1276 1053 1321 locat
1080 1275 1180 1336 ipse
1207 1275 1343 1320 sedili
1365 1293 1377 1329 ;

195 1341 599 1405 Praecipuumque
624 1350 727 1388 toro
748 1350 796 1388 et
821 1342 972 1387 villosi
998 1341 1121 1403 pelle
1146 1342 1294 1387 leonis

197 1409 395 1470 Accipit
418 1410 631 1465 AEnemu,
655 1409 873 1470 solioque
899 1408 1066 1454 invitat
1086 1424 1280 1454 acerno.

195 1475 322 1521 Tum
350 1477 459 1522 lecti
477 1476 680 1538 juvenes
707 1475 922 1521 certatim
943 1491 1133 1537 araeque
1154 1474 1378 1521 sacerdos

194 1542 396 1589 Viscera
421 1550 547 1590 tosta
572 1542 732 1588 ferunt
751 1551 1012 1596 taurorum,
1040 1549 1338 1603 onerantque
1359 1541 1512 1587 canis-

330 1609 412 1655 tris
1420 1615 1512 1655 180

198 1675 340 1721 Dona
364 1676 594 1722 laboratae
622 1675 823 1730 Cereris,
853 1674 1200 1736 Bacchumque
1227 1675 1512 1722 ministrant.

198 1742 426 1789 Vescitur
448 1745 637 1798 AEueas,
667 1742 808 1787 simul
833 1750 879 1787 et
905 1742 1377 1802 Trojanajuventus‚

195 1808 421 1871 Perpetui
441 1819 574 1871 tergo
592 1808 727 1854 bovis
753 1816 799 1854 et
823 1807 1097 1854 lustralibus
1118 1807 1256 1854 extis.
1298 1807 1511 1870 [edendi‚

264 1877 528 1939 Postquam
554 1885 742 1922 exemta
776 1874 944 1931 fames,
983 1882 1029 1920 et
1054 1890 1186 1920 amor
1211 1890 1515 1936 compressus

197 1942 301 1988 Rex
322 1943 568 1989 Evandrus
593 1942 657 1988 ait
678 1959 689 1988 ι
719 1941 828 1988 Non
852 1941 955 1987 haec
983 1940 1203 1987 solemnia
1224 1941 1379 1997 uobis,

197 2010 302 2056 Has
328 2027 387 2055 ex
413 2026 541 2055 more
563 2009 728 2070 dapes,
756 2008 880 2054 hanc
907 2008 1026 2054 tanti
1051 2007 1250 2054 numinis
1275 2024 1423 2063 aram,

196 2076 334 2122 Vana
359 2075 637 2139 superstitio
664 2083 934 2120 veterumve
961 2074 1127 2135 ignara
1148 2075 1360 2120 Deorum

196 2142 463 2205 Imposuit:
491 2142 646 2198 saevis,
675 2142 848 2202 hospes
873 2141 1102 2202 Trojane,
1125 2140 1318 2203 periclis

196 2209 379 2255 Servati
404 2208 626 2264 facimus,
654 2208 944 2270 meritosque
970 2223 1200 2253 novamus
1225 2207 1447 2253 honores.

195 2277 305 2323 Jam
323 2275 524 2337 primum
548 2275 674 2322 saxis
692 2291 967 2338 suspensam
986 2275 1107 2321 hauc
1127 2273 1287 2334 aspice
1310 2291 1475 2336 rupem
1495 2291 1507 2321 ε

197 2341 434 2403 Disjectae
455 2342 624 2404 procul
646 2349 698 2387 ut
723 2342 889 2398 moles,
915 2341 1199 2401 desertaque
1218 2342 1392 2388 montis
1421 2347 1505 2396 191

199 2410 308 2456 Stat
333 2409 524 2466 domus,
552 2417 599 2455 et
623 2407 806 2470 scopuli
833 2408 1072 2472 ingentem
1101 2418 1284 2454 traxere
1312 2408 1511 2454 ruinam.

200 2475 295 2522 Hic
319 2476 546 2538 spelunca
574 2475 664 2522 suit
688 2483 820 2521 vasto
848 2474 1074 2521 submota
1093 2489 1296 2530 recessu,
