1586 2704
133 84 229 125 314
468 93 514 124 P.
554 91 801 125 V1R51L11
846 93 1104 128 MARole

133 203 423 265 Impediunt,
439 205 725 267 retrahitque
738 207 881 267 pedes
900 208 1035 253 simul
1057 208 1180 254 unda
1198 208 1430 255 relabens.

198 271 301 315 Nec
326 272 539 316 Turnum
563 272 714 332 segnis
734 273 901 319 retinet
921 290 1067 327 mora,
1089 274 1167 319 sed
1185 274 1304 335 rapit
1322 290 1433 320 acer

130 335 303 380 Totam
329 337 474 382 aciem
491 338 536 382 in
560 337 795 394 Teucros,
811 349 859 384 et
877 339 1040 385 contra
1058 340 1101 384 in
1119 340 1276 386 littore
1293 341 1430 385 sistit.

130 402 272 461 Signa
296 412 488 448 canunt.
515 403 697 449 Primus
720 413 893 448 turmas
916 404 1082 451 invasit
1105 415 1309 464 agrestes
1335 413 1431 453 310

128 467 314 530 AEneas,
340 485 475 515 omen
497 485 687 532 pugnae,
715 469 977 529 stravitque
1003 472 1212 525 Latinos,

126 531 304 578 Occiso
327 534 560 590 Therone,
587 535 739 579 virum
766 536 845 594 qui
872 536 1102 582 maximus
1130 537 1248 582 ultro

127 599 319 645 AEneam
360 601 494 659 petit.
565 600 691 644 Huic
727 600 902 661 gladio,
930 617 1103 663 perque
1129 618 1247 647 aerea
1275 609 1397 654 suta,

128 666 216 711 Per
238 666 440 710 tunicam
469 665 758 726 squalentem
786 681 919 721 auro,
958 667 1078 713 latus
1114 667 1269 713 haurit
1292 682 1429 727 aper-

260 741 375 777 tum.

129 796 245 842 Inde
270 797 446 858 Lycam
475 794 596 853 ferit,
630 805 870 842 exsectum
899 798 1000 858 jam
1027 806 1174 844 matre
1198 798 1428 858 peremta,

129 864 188 908 Et
213 862 315 918 tibi,
342 862 536 918 Plioebe,
557 878 740 907 sacrum
762 880 773 917 ;
812 879 949 908 casus
974 863 1174 910 evadere
1193 863 1302 909 ferri

130 928 274 981 Quod
301 929 432 974 licuit
459 943 622 987 parvo,
692 929 797 974 Nec
823 929 959 989 longe
987 930 1148 976 Cissea
1178 929 1365 984 durum,

130 990 482 1054 Immanemqtie
504 995 662 1054 Gyan,
690 1002 948 1040 sternentes
972 995 1155 1056 agmina
1181 994 1333 1050 clava,

132 1060 326 1120 Dejecit
351 1060 459 1105 leto.
533 1060 658 1105 Nihil
681 1060 784 1105 illos
812 1061 1030 1106 Herculis
1054 1076 1200 1114 arma,
1334 1067 1430 1117 319

130 1126 212 1172 Nil
239 1126 404 1171 validae
423 1126 588 1185 juvere
615 1142 795 1179 manus,
821 1127 1094 1187 genitorque
1120 1126 1409 1188 Melampus,

129 1191 315 1237 Alcidae
334 1207 510 1245 comes,
538 1208 685 1251 usque
709 1208 873 1251 graves
898 1192 1009 1237 dum
1034 1201 1157 1238 terra
1180 1192 1366 1238 labores

128 1258 353 1303 Praebuit.
428 1258 550 1302 Ecce
576 1258 747 1312 Pham,
773 1274 912 1302 voces
930 1260 1039 1303 dum
1061 1259 1218 1318 jactat
1242 1260 1430 1313 inertes,

127 1324 412 1384 latorquens
429 1323 659 1383 jaculum,
686 1324 932 1368 clamantis
958 1324 1083 1369 sistit
1106 1323 1153 1368 in
1178 1340 1276 1370 ore.

190 1389 268 1435 Tu
294 1406 499 1450 quoque,
532 1389 777 1434 flaventem
806 1389 957 1449 prima
977 1390 1196 1450 lanugine
1219 1389 1365 1434 malas

127 1457 254 1501 Dum
280 1455 490 1516 sequeris
517 1456 722 1517 Clytium
762 1454 937 1510 infelix,
974 1471 1097 1501 nova
1121 1455 1311 1517 gaudia,
1335 1456 1431 1517 Cy·

126 1521 369 1568 Dardani-21
393 1530 564 1567 stratus
591 1521 771 1576 (lextra,
797 1538 991 1567 securus
1015 1537 1244 1576 amorum,
1279 1521 1428 1583 [don;

125 1586 244 1645 Qui-j
255 1603 451 1632 uvenum
467 1588 547 1631 tibi
561 1603 742 1648 semper
753 1595 901 1642 erant,
917 1586 1194 1641 miserande,
1208 1587 1426 1648 jaceres;

125 1652 189 1698 Ni
213 1653 407 1698 fratrum
434 1652 610 1713 stipata
628 1653 798 1698 cohors
819 1651 940 1699 foret
961 1653 1299 1708 obvia,Phorci

124 1718 402 1779 Progenies3
440 1729 622 1780 septem
649 1734 862 1772 numero,
891 1730 1184 1780 septenaque
1211 1718 1304 1763 tela

127 1785 401 1846 Conjiciunt
425 1799 435 1829 :
461 1785 628 1843 partim
650 1785 783 1846 galea
801 1785 1067 1846 clypeoque
1085 1785 1315 1830 resultant
1332 1790 1429 1832 330

126 1851 278 1905 Irrita,
306 1849 497 1895 deflexit
524 1851 691 1911 partim
718 1850 991 1910 stringentia
1016 1866 1189 1911 corpus

126 1917 264 1962 Alma
293 1918 463 1962 Venus.
525 1916 694 1962 Fidum
721 1917 890 1962 AEueas
914 1916 1090 1962 affatur
1114 1917 1361 1962 Achaten:

126 1983 335 2043 Suggere
362 1983 451 2028 tela
480 1982 593 2028 mihi
610 1989 724 2041 (uon
750 1981 892 2027 ullum
914 1981 1107 2028 dextera
1125 1982 1298 2028 frustra

123 2048 336 2095 Torserit
357 2049 403 2092 in
446 2048 669 2107 Rutulos)
703 2055 937 2094 steterunt
983 2065 1089 2108 quae
1136 2048 1181 2094 in
1228 2063 1428 2110 corpore

257 2114 458 2161 Graium

125 2180 282 2226 iliacis
308 2181 504 2241 campis.
575 2181 699 2226 Tum
728 2195 943 2242 magnam
971 2178 1170 2241 corripit
1195 2180 1396 2235 hastam,

128 2247 184 2290 Et
203 2246 345 2305 jacit.
418 2247 497 2291 llla
524 2248 695 2292 volans
722 2247 878 2308 clypei
904 2246 1249 2292 transverberat
1269 2261 1365 2292 aera

128 2311 345 2367 Maeouis,
371 2320 418 2357 et
440 2313 633 2358 thoraca
659 2312 796 2357 simul
820 2328 927 2358 cum
954 2320 1147 2371 pectore
1171 2312 1366 2374 rumpit.

130 2378 253 2423 Huic
279 2377 421 2423 frater
440 2378 565 2423 subit
592 2379 813 2432 Alcanor,
841 2378 1127 2438 fratremque
1152 2388 1361 2426 ruentem

131 2446 375 2491 Sustentat
401 2445 592 2499 (lextrim
638 2444 838 2504 trajecto
866 2445 1000 2490 missa
1027 2443 1202 2490 lacerto
1332 2449 1427 2499 339
