1607 2700
169 91 282 140 ‚190
493 85 543 118 P.
582 83 831 119 VIRGILII
860 85 1122 121 MARole

209 208 337 251 Tum
367 216 494 252 satus
533 204 751 261 Anchisa,
787 205 972 252 cunctis
1007 223 1065 252 ex
1103 223 1230 253 more
1254 210 1439 268 vocatis

145 272 388 318 Victorem
411 273 581 335 magna
605 271 834 334 praeconis
861 288 976 318 voce
998 273 1288 321 Cloanthum

145 339 393 394 Declarat,
415 338 647 401 viridique
671 337 860 384 advelat
884 346 1100 401 tempora
1124 339 1286 388 lauro:

144 406 439 467 Muneraque
462 406 508 452 in
533 421 678 451 naves
703 414 860 451 ternos
885 413 1050 466 optare
1067 407 1319 468 juvencos,

141 471 376 532 Vinaque,
397 480 442 518 et
462 473 643 534 argenti
668 486 890 531 magnum
916 470 999 517 dat
1023 472 1143 519 ferre
1168 475 1416 522 talentum.

141 537 268 598 Ipsis
293 538 563 600 praecipuos
589 536 876 583 ductoribus
896 536 1268 589 addithonores:
1320 542 1451 605 [curn

139 604 323 650 Victori
370 604 670 666 chlamydem
696 610 927 658 auratam,
962 606 1332 668 quamplurima
1367 609 1454 656 cir-

141 669 360 732 Purpura
386 670 635 716 Maeandro
661 669 837 732 duplici
865 670 1089 716 Meliboea
1105 675 1328 721 cucurrit.
1355 682 1447 724 251

137 737 452 799 Intextusque
476 753 595 799 puer
613 735 834 782 frondosa
858 736 1013 799 reglus
1042 737 1125 784 Ida

137 803 523 863 Velocesjaculo
545 820 710 851 cervos
727 819 967 864 cursuque
992 803 1179 866 fatigat,

138 871 280 926 Acer,
305 870 542 917 anhelanti
568 870 749 924 similis;
777 886 918 931 quem
944 886 1130 932 praepes
1156 871 1217 918 ab
1243 872 1330 920 Ida

138 937 402 984 Sublimem
426 937 631 1000 pedibus
655 937 813 999 rapuit
836 936 969 984 Jovis
994 937 1195 1000 armiger
1220 940 1370 987 uncis.

137 1003 364 1066 Longaevi
390 1004 569 1066 palmas
596 1004 917 1066 nequicquam
944 1004 1004 1050 ad
1026 1004 1177 1051 sidera
1197 1008 1401 1055 tendunt

137 1069 395 1127 Custodes,
421 1071 649 1133 saevitque
667 1087 840 1117 canum
866 1071 1064 1117 latratus
1089 1071 1135 1116 in
1161 1088 1315 1118 auras.

141 1139 219 1193 At,
253 1137 336 1198 qui
359 1137 530 1183 deinde
556 1139 714 1184 locum
738 1137 892 1184 tenuit
914 1137 1091 1183 virtute
1110 1139 1404 1195 secundum;

136 1203 341 1250 Levibus
367 1204 478 1250 huic
504 1204 655 1251 hamis
682 1213 945 1251 consertam
973 1220 1186 1267 auroque
1210 1206 1414 1253 trilicem

135 1270 376 1327 Loricam,
404 1287 546 1333 quam
576 1272 809 1318 Demoleo
834 1271 1103 1318 detraxerat
1126 1272 1226 1334 ipse
1351 1272 1447 1323 260

134 1337 303 1384 Victor
325 1338 455 1401 apud
483 1338 703 1401 rapidum
731 1338 977 1385 Simoenta
1001 1338 1089 1384 sub
1118 1340 1205 1384 Ilio
1230 1339 1344 1396 alto,

134 1404 300 1450 Donat
324 1405 496 1451 habere
521 1406 638 1461 viro,
666 1405 812 1452 decus
837 1412 886 1451 et
909 1411 1122 1452 tutamen
1147 1406 1192 1451 in
1217 1407 1371 1456 armis.

132 1471 223 1517 Vix
249 1471 378 1519 illam
403 1470 565 1518 famuli
590 1473 807 1534 Phegeus
834 1471 1116 1534 Sagarisque
1141 1471 1357 1520 ferebant

132 1538 468 1599 Multiplicem,
495 1539 684 1585 connixi
709 1538 946 1596 humeris;
973 1538 1168 1586 indutus
1192 1548 1238 1587 at
1264 1541 1378 1588 olim

133 1605 410 1661 Demoleus,
437 1621 578 1652 cursu
605 1606 822 1669 palantes
846 1606 998 1651 Troas
1023 1606 1211 1667 agebat.

131 1670 298 1718 Tertia
323 1671 452 1718 dona
474 1671 587 1719 facit
610 1672 821 1735 geminos
841 1687 898 1717 ex
923 1687 1014 1718 aere
1029 1672 1227 1728 lebetas,

131 1738 431 1801 Cymbiaque
456 1748 653 1801 argento
678 1739 890 1802 perfecta
914 1746 1058 1802 atque
1086 1756 1253 1800 aspera
1279 1740 1440 1802 signis.

195 1805 399 1866 Jamque
424 1804 547 1852 adeo
563 1806 726 1852 donati
743 1822 918 1860 omnes,
937 1805 1206 1867 opibusque
1232 1808 1439 1870 superbi,

129 1872 349 1918 Puniceis
373 1872 508 1919 ibant
531 1872 706 1919 evincti
730 1879 946 1934 tempora
969 1873 1106 1919 taenis
1132 1890 1144 1927 ;

130 1937 255 1984 Cum
281 1955 409 1986 saevo
433 1956 459 1986 e
484 1942 685 2002 scopulo
709 1940 858 1986 multa
885 1939 959 1985 vix
976 1947 1076 1986 arte
1092 1939 1322 2000 revulSuS,
1344 1949 1439 1996 270

128 2005 325 2051 Amissis
348 2005 503 2063 remis,
530 2016 674 2069 atque
694 2006 855 2052 ordine
876 2005 1046 2052 debilis
1064 2022 1176 2063 uno,

129 2071 316 2118 Irrisam
343 2073 442 2120 sine
468 2073 644 2120 honore
668 2080 817 2119 ratem
843 2074 1090 2134 Sergestus
1114 2073 1304 2134 agebat.

129 2139 298 2192 Qualis
324 2155 453 2201 saepe
474 2139 566 2187 viae
586 2139 849 2202 deprensus
874 2140 918 2186 in
943 2155 1112 2202 aggere
1137 2156 1347 2202 serpens,

126 2206 267 2252 AErea
292 2222 434 2267 quem
454 2206 700 2267 obliquum
724 2215 831 2254 rota
856 2206 1054 2262 transiit,
1072 2215 1155 2253 aut
1171 2208 1437 2270 gravisictu

128 2272 423 2318 Seminecem
450 2273 592 2335 liquit
616 2289 730 2319 saxo
755 2273 1061 2336 lacerumque
1087 2273 1267 2329 viator;

129 2339 464 2400 Nequit-quam
491 2341 657 2402 longos
689 2340 872 2403 fugiens
898 2340 981 2386 dat
1005 2356 1206 2402 corpore
1248 2349 1433 2395 tortus:

128 2405 269 2452 Parte
294 2405 442 2463 ferox,
464 2406 731 2468 ardensque
756 2407 922 2464 oculis,
948 2413 996 2454 et
1019 2406 1154 2453 sibila
1179 2407 1304 2453 colla

130 2471 318 2519 Arduus
342 2474 586 2529 attollens;
620 2490 730 2537 pars
758 2474 947 2521 vulnere
971 2473 1140 2520 clauda
1166 2482 1367 2521 retentat
