1607 2700
594 50 832 84 AENEIDos
873 48 983 83 Lm.
1027 48 1125 91 ῐΙιυ
1404 46 1493 86 143

184 167 406 230 Accipit:
442 168 618 231 egressi
642 183 920 214 veneramur
946 170 1185 230 Apollinis
1212 171 1393 218 urbem.
1432 181 1495 229 79

184 234 288 280 Rex
323 234 491 290 Anius,
516 251 598 281 rex
611 233 738 280 idem
763 234 1006 280 hominum
1040 236 1302 301 Phoebique
1338 255 1493 286 sacer-

184 300 324 347 vittis
346 307 396 347 et
414 299 549 348 sacra
572 299 822 348 redimitus
843 308 1059 363 tempora
1083 302 1231 361 lauro,
1369 306 1493 368 [dos,

183 366 426 423 Occurrit,
452 375 660 414 veterem
686 367 928 413 Anchisen
953 369 1171 427 agnoscit
1191 371 1410 419 amicum.

180 432 427 495 Jungimus
453 434 661 498 bospitio
687 433 876 480 dextras
897 442 945 481 et
970 441 1101 481 tecta
1127 436 1359 484 subimus.

179 498 382 561 Templa
406 501 499 547 Dei
522 518 637 548 saxo
662 502 921 548 venerabar
947 508 1132 548 structa
1155 509 1364 551 vetusto:
1394 506 1491 567 [sis‚

179 566 255 613 Da
281 568 537 630 propriam,
559 567 868 630 Thymbraee,
896 567 1110 625 domum,
1138 568 1199 615 da
1221 572 1387 617 mcenia
1405 573 1494 617 fes-

178 632 242 678 Et
264 649 429 694 genus,
448 644 494 681 et
508 650 776 681 mansuram
791 635 971 682 urbem.
1010 636 1153 682 Serva
1173 635 1321 683 altera
1334 639 1493 698 Trojae

177 698 422 763 Pergama,
450 702 688 764 relliquias
713 701 930 750 Danaum
953 710 1099 764 atque
1119 702 1313 749 immitis
1332 706 1494 750 Achil-

312 768 388 814 lei.
1298 771 1455 832 [sedes
1474 773 1493 818 ’ἔ

178 830 336 885 Quem
362 835 640 897 sequimur?
694 836 850 898 quove
889 835 1156 896 ircjubes'?
1193 835 1275 882 ubi
1315 853 1491 898 ponere

177 897 271 958 Da,
288 910 440 964 pater,
468 903 736 964 augurium,
759 911 906 964 atquc
918 901 1084 948 animis
1097 902 1488 951 illaberenostris.

241 971 332 1016 Vix
352 985 407 1016 ea
431 969 555 1016 fatus
573 986 700 1017 eram
717 988 728 1024 ;
766 979 963 1016 tremere
980 969 1140 1015 omnia
1155 969 1258 1015 visa
1274 974 1487 1032 repente,

178 1035 480 1098 Liminaque,
507 1038 767 1099 laurusque
793 1037 916 1092 Dei3
956 1045 1181 1098 totusque
1207 1038 1382 1084 moveri
1426 1046 1485 1094 91

181 1104 326 1150 Mons
349 1103 547 1159 circum,
573 1111 621 1150 et
645 1104 822 1166 mugire
843 1104 999 1166 adytis
1025 1105 1206 1150 cortina
1232 1105 1443 1152 reclusis.

173 1170 411 1217 Submissi
436 1170 640 1231 petimus
666 1178 856 1226 terram,
885 1180 931 1217 et
950 1186 1041 1215 vox
1062 1170 1211 1216 fertur
1236 1170 1293 1216 ad
1323 1187 1483 1220 aures:

173 1237 465 1283 Dardanidae
490 1236 614 1293 duri,
642 1253 748 1298 quae
774 1255 857 1284 vos
883 1253 909 1282 a
935 1236 1079 1297 stirpe
1105 1245 1356 1298 parentum

173 1304 330 1350 Prima
354 1303 459 1350 tulit
479 1303 636 1356 tellus,
664 1303 830 1350 eadem
858 1321 943 1350 vos
971 1304 1115 1349 ubere
1136 1303 1246 1349 laeto

170 1371 398 1432 Accipiet
422 1369 654 1417 reduces:
693 1371 936 1431 antiquam
957 1370 1188 1432 exquirite
1214 1378 1431 1418 matrem.

172 1438 269 1484 Hic
295 1436 468 1483 domus
494 1438 653 1484 AEneae
677 1438 866 1484 cunctis
892 1436 1213 1483 dominabitur
1238 1437 1346 1494 oris,

169 1504 233 1551 Et
257 1505 353 1550 nati
373 1511 606 1558 natorum,
629 1511 677 1550 et
697 1504 779 1565 qui
803 1513 1056 1550 nascentur
1080 1503 1142 1548 ab
1164 1503 1274 1551 illis.
1425 1512 1486 1560 98

171 1570 290 1618 Haec
311 1570 545 1617 Phoebus:
585 1571 831 1632 mixtoque
856 1570 1021 1632 ingens
1046 1577 1208 1615 exorta
1234 1570 1444 1616 tumultu

168 1637 372 1692 Laetitia,
394 1643 442 1684 et
467 1636 651 1694 cuncti,
679 1653 786 1699 quae
811 1637 906 1683 sint
929 1653 986 1683 ea
1013 1636 1199 1692 moenia,
1239 1648 1484 1698 quaerunt;

168 1703 280 1759 Quo
311 1703 520 1751 Phoebus
547 1712 689 1750 vocet
711 1713 935 1759 errantes,
954 1703 1223 1765 jubeatque
1245 1705 1431 1750 reverti.

166 1770 292 1817 Tum
304 1770 723 1833 genitor‚veterum
735 1772 928 1817 volvens
939 1778 1247 1816 monumenta
1261 1770 1490 1819 virorum:

167 1837 362 1893 Audite,
390 1853 418 1883 ο
444 1853 681 1898 proceres,
707 1837 787 1894 ait,
814 1846 861 1884 et
887 1853 995 1900 spes
1022 1836 1193 1882 discite
1220 1846 1420 1886 vestras.

169 1905 314 1951 Creta
335 1904 468 1952 Jovis
492 1905 651 1965 magni
678 1903 835 1951 medio
855 1903 989 1964 jacet
1014 1903 1170 1949 insula
1186 1911 1354 1964 ponto,

167 1971 312 2017 Mons
338 1970 498 2017 Idaeus
525 1971 624 2027 ubi,
650 1978 696 2017 et
720 1971 873 2033 gentis
897 1969 1136 2017 cunabula
1161 1978 1354 2016 nostrae.

167 2038 371 2085 Centum
399 2037 539 2084 urbes
566 2037 787 2084 habitant
812 2053 1018 2098 magnas,
1046 2036 1282 2082 uberrima
1305 2053 1455 2100 regna.

167 2104 410 2150 Maximus
437 2104 561 2150 unde
582 2112 732 2165 pater,
760 2104 799 2150 si
823 2104 909 2151 rite
935 2102 1100 2149 audita
1125 2102 1369 2160 recordor,

165 2170 387 2217 Teucrus
415 2170 638 2217 Rhoeteas
658 2171 864 2233 primum
882 2179 954 2217 est
977 2170 1210 2216 advectus
1230 2170 1274 2216 in
1299 2186 1418 2224 oras,

168 2236 467 2299 Optavitque
493 2237 647 2283 locum
672 2254 846 2300 regno:
884 2238 1096 2284 nondum
1122 2236 1260 2282 Ilium
1286 2245 1333 2283 et
1357 2254 1486 2285 arces

167 2303 439 2364 Pergameae
458 2312 701 2360 steterant,
720 2303 1002 2351 habitabant
1023 2303 1227 2350 vallibus
1249 2304 1368 2350 imis.
1394 2313 1484 2351 110

167 2368 294 2416 Hinc
319 2379 468 2418 mater
486 2371 659 2418 cultrix
682 2371 892 2435 Cybelae,
918 2370 1303 2433 Corybantiaque
1324 2388 1431 2428 aera,

168 2437 448 2499 ldaeumque
472 2454 670 2486 nemus:
713 2439 819 2485 hinc
845 2437 943 2484 fida
967 2437 1154 2484 silentia
1187 2438 1346 2494 sacris,

167 2504 229 2550 Et
240 2502 402 2565 juncti
427 2521 617 2553 currum
642 2505 849 2554 dominae
871 2505 1058 2552 subiere
1078 2505 1258 2551 leones.
