1607 2700
121 103 211 146 128
447 110 497 144 Ρ.
539 109 784 144 vmexmt
828 108 1091 145 MARoms

113 228 373 290 Explicet?
409 237 494 276 aut
517 230 668 292 possit
691 229 914 293 lacrymis
939 245 1128 292 aequare
1153 228 1339 274 labores
1359 228 1379 275 ἶ

114 295 243 341 Urbs
269 296 460 358 antiqua
484 299 594 352 ruit,
622 298 798 343 multos
824 296 1065 342 dominata
1091 312 1178 357 per
1201 311 1373 351 ann‹›s;

111 361 324 408 Plurima
347 379 524 425 perque
550 364 647 409 vias
674 371 949 409 sternuntur
972 362 1137 408 inertia
1163 363 1337 424 passim

114 428 346 490 Corpora,
374 446 549 491 perque
574 430 761 485 domos,
788 437 834 475 et
860 429 1076 490 religiosa
1095 430 1292 475 deorum

111 493 311 542 Limina.
382 497 488 543 Nec
514 496 598 541 soli
617 511 780 557 poenas
806 495 919 541 dant
945 497 1173 556 sanguine
1191 495 1390 542 Teucri:

113 560 370 614 Quondam
398 564 542 609 etiam
570 563 707 608 victis
731 562 854 608 redit
878 562 922 607 in
948 562 1209 623 praecordia
1237 563 1402 619 virtus,

111 627 433 690 Victoresque
452 629 633 674 cadunt
659 631 843 675 Danai:
884 628 1089 674 crudelis
1114 629 1293 703 ubique

110 693 310 751 Luctus,
339 695 514 756 ubique
539 711 704 757 pavor,
731 705 776 741 et
802 695 1002 757 plurima
1029 696 1190 741 mortis
1214 697 1389 754 imam».

181 732 367 808 Prinius
394 778 442 808 se
470 763 904 820 Danafim,n1a⁰na
931 763 1190 808 comitante
1216 764 1423 818 caterva,

110 827 392 889 Androgeus
410 828 549 875 offert
566 829 721 884 nobis,
744 829 878 876 socia
894 829 1075 890 agmina
1096 829 1310 884 credens,
1329 837 1420 883 311

108 890 297 939 Inscius
319 913 331 950 ;
371 904 517 957 atque
544 896 670 942 ultro
696 896 850 942 verbis
876 895 1139 957 compellat
1164 896 1358 942 amicis:

110 959 369 1017 Festinate,
392 962 479 1008 viri
500 980 510 1017 ;
551 979 657 1008 nam
686 979 794 1024 quae
819 971 914 1009 tam
942 978 1048 1009 sera
1073 971 1284 1009 moratur

110 1026 378 1089 Segnsties?
415 1029 494 1075 alii
514 1029 705 1091 rapiunt
724 1030 918 1077 incensa
942 1028 1194 1090 feruntque

109 1091 361 1154 Pergama:
402 1112 481 1141 vos
503 1096 638 1142 celsis
664 1112 790 1143 nunc
815 1096 1018 1159 primum
1045 1112 1072 1142 a
1097 1096 1295 1143 navibus
1319 1097 1426 1143 itis?

109 1160 267 1208 Dixit:
294 1171 341 1208 et
360 1163 603 1237 extemplo
620 1167 792 1224 (neque
805 1163 930 1209 enim
946 1179 1175 1225 responsa
1186 1163 1427 1210 dabantur

110 1226 227 1274 Fida
250 1229 384 1286 satls)
411 1230 558 1275 sensit
583 1229 763 1276 medios
789 1230 1049 1292 delapsus
1039 1246 1083 1275 ιη
1110 1230 1291 1276 hostes.

111 1293 398 1357 Obstupuit,
424 1306 649 1370 retroque
675 1297 846 1359 pedem
874 1313 982 1343 cum
1008 1311 1123 1342 voce
1147 1297 1390 1361 repressit.

108 1361 432 1423 Improvisum
458 1364 611 1425 aspris
636 1363 781 1410 veluti
807 1363 890 1424 qui
916 1363 1130 1409 sentibus
1155 1379 1358 1426 anguem

107 1426 285 1475 Pressit
309 1428 441 1475 humi
465 1430 634 1487 nitens,
663 1430 976 1494 trepidusque
1001 1431 1193 1491 repente
1219 1431 1394 1493 refugit

106 1495 455 1542 Attollentem
445 1513 554 1552 iras,
581 1506 629 1543 et
649 1498 823 1544 coerula
847 1497 971 1543 colla
997 1504 1254 1544 tumentem
1279 1516 1289 1552 ;
1329 1506 1416 1546 381

109 1562 257 1608 Haud
284 1579 422 1609 secus
446 1564 729 1625 Androgeus
753 1564 856 1610 visu
881 1563 1188 1610 tremefactus
1209 1565 1391 1612 abibat.

106 1627 353 1684 Irruimus,
379 1629 541 1676 densis
566 1638 614 1676 et
634 1629 1062 1677 circumfundimur
1085 1631 1254 1686 armis;

106 1695 400 1758 Ignarosque
424 1697 519 1743 loci
540 1697 717 1759 passim
742 1706 791 1743 et
814 1696 1067 1743 formidine
1093 1707 1261 1758 captos

106 1763 402 1818 Sternimus;
441 1763 623 1825 aspirat
646 1764 802 1826 primo
827 1764 1019 1810 fortuna
1044 1764 1213 1810 labori.

108 1831 271 1892 Atque
292 1829 369 1876 hic
387 1831 603 1876 exultans
622 1847 851 1878 successu
873 1830 1137 1892 animisque
1160 1832 1422 1880 Coroebus:

109 1897 153 1943 O
181 1896 315 1953 socii,
343 1897 438 1958 qua
463 1897 628 1958 prima,
655 1897 828 1960 inquit,
854 1897 1047 1944 fortuna
1072 1897 1239 1944 salutis
1281 1900 1421 1960 [mur.

106 1965 349 2010 Monstrat
373 1966 478 2020 iter,
507 1965 698 2027 quaque
736 1965 946 2011 ostendit
973 1981 1021 2010 se
1046 1963 1229 2020 dextra,
1257 1982 1426 2028 sequa-

107 2032 356 2077 Mutemus
383 2031 597 2093 clypeos,
637 2032 959 2094 Danaumque
983 2031 1179 2094 insignia
1200 2032 1335 2078 nobis

107 2099 373 2159 Aptemus:
428 2099 657 2153 dolus‚an
676 2100 842 2155 virtus,
862 2101 964 2162 quis
979 2099 1022 2144 in
1043 2098 1425 2160 hosterequirat?

107 2166 257 2211 Arma
280 2164 469 2211 dabunt
493 2165 596 2227 ipsi.
670 2164 750 2212 Sic
776 2165 922 2221 fatus,
949 2165 1118 2211 deinde
1158 2177 1424 2212 comantem

109 2230 358 2291 Androgei
384 2231 588 2291 galeam,
616 2231 871 2295 clypeique
887 2232 1065 2294 insigne
1083 2231 1307 2278 decorum
1327 2239 1423 2288 392

108 2296 354 2351 Induitur;
385 2297 619 2361 laterique
640 2299 864 2360 Argivum
889 2299 1223 2345 accommodat
1246 2316 1420 2346 ensem.

109 2366 220 2411 Hoc
240 2364 471 2425 Rhipeu5‚
493 2365 580 2412 hoc
598 2365 693 2426 ipse
717 2366 913 2429 Dymas,
931 2365 1425 2426 omnisquejuventus

110 2431 242 2477 Laeta
266 2429 380 2477 facit
403 2446 416 2477 ι
455 2432 619 2493 spoliis
657 2449 705 2478 se
731 2434 934 2495 quisque
960 2433 1231 2478 recentibus
1256 2442 1422 2480 armat.

110 2498 343 2544 Vadimus
368 2497 570 2545 immixti
598 2499 795 2555 Danais,
823 2499 948 2546 haud
974 2501 1169 2545 numine
1194 2509 1355 2546 nostro
1376 2517 1389 2555 ;

112 2565 367 2628 Multaque
393 2581 478 2628 per
502 2583 682 2616 caecam
706 2566 942 2631 congressi
966 2567 1128 2632 praelia
1149 2575 1341 2614 noctem
1374 2627 1377 2631 Ι
