1614 2694
130 53 191 93 40
459 56 508 90 P.
548 54 796 90 VIRG1L11
834 52 1096 91 MARONIS

127 150 479 213 Balantumque
503 167 691 213 gregem
716 149 858 197 fluvio
885 168 1087 199 mersare
1113 150 1305 199 salubri.

128 220 267 281 Saepe
292 218 398 264 oleo
423 217 547 264 tardi
572 226 731 276 costas
757 218 960 279 agitator
983 218 1126 275 aselli,

130 285 310 332 Vilibus
337 292 418 331 aut
442 292 609 331 onerat
642 284 822 346 pomis;
857 284 1162 347 lapidemque
1185 289 1426 331 revertens

100 352 374 419 *Incusunn
395 360 478 398 aut
502 360 616 397 atrae
635 366 838 397 massam
862 351 981 412 picis
1002 352 1116 399 urbe
1134 358 1362 413 reportat.

194 420 304 479 lpsa
328 418 427 464 dies
453 418 568 464 alios
594 417 686 462 alio
714 415 842 462 dedit
867 416 1028 463 ordine
1048 418 1183 464 Luna

129 484 314 531 Felices
339 500 557 547 operum.
597 483 827 547 Quintam
854 481 985 543 fuge;
1022 483 1227 544 pallidus
1254 483 1410 530 Orcus

127 551 512 612 Eumenidesque
538 558 675 595 satae:
711 559 813 594 tum
836 557 974 609 partu
996 549 1145 596 Terra
1168 548 1375 596 nefando

129 616 1430 679 Coeumque,lapetumquecreat,saevumqueTyphoea,

128 683 188 729 Et
213 685 486 742 conjuratos
511 682 682 728 coelum
706 680 973 727 rescindere
999 681 1179 729 fratres.
1337 693 1433 734 280

133 748 227 796 Ter
251 759 362 796 sunt
382 749 541 796 conati
557 749 800 809 imponere
820 747 949 792 Pelio
967 748 1139 794 Ossam
1273 753 1433 814 [pum-

135 814 340 871 Scilicet,
367 825 510 878 atque
548 814 682 860 Ossae
702 813 977 859 frondosum
1005 813 1239 863 involvere
1266 820 1434 880 Obni-

131 879 225 929 Ter
249 884 388 929 Pater
411 891 657 929 extinctos
683 880 875 941 disjecit
897 879 1094 926 fulmine
1121 891 1318 930 montes.

131 949 339 1012 Septima
363 958 473 1011 post
497 948 735 995 decimam
761 947 891 1003 felix,
919 956 966 993 et
989 963 1168 1008 ponere
1194 949 1351 1007 sitem,

130 1017 189 1062 Et
216 1032 410 1077 prensos
435 1016 665 1062 domitare
692 1015 853 1068 boves,
881 1022 927 1059 et
949 1013 1058 1060 licia
1082 1015 1191 1062 telae

129 1082 348 1128 Addere:
377 1098 498 1128 nona
521 1081 645 1143 fugae
673 1080 851 1135 melior,
879 1080 1113 1126 contraria
1138 1081 1289 1127 furtis.

196 1149 353 1195 Multa
377 1149 494 1197 adeo
521 1148 678 1210 gelida
705 1146 867 1192 melius
894 1163 939 1193 se
962 1157 1102 1193 nocte
1128 1148 1335 1203 dedere;

132 1217 229 1263 'Aut
247 1215 357 1262 ciun
381 1216 489 1261 Sole
515 1231 640 1259 novo
667 1222 813 1259 terras
831 1213 1002 1259 irrorat
1028 1214 1175 1262 boiis,

130 1283 289 1328 Nocte
314 1282 440 1328 leves
463 1281 654 1343 stipulae
681 1278 863 1335 melium
889 1288 1030 1325 nocte
1055 1279 1183 1326 arida
1201 1289 1338 1343 prata

127 1347 436 1401 Tondentur3
465 1356 630 1393 noctes
656 1346 813 1395 lentus
829 1361 924 1391 non
949 1344 1114 1392 deficit
1132 1347 1318 1394 humor.
1342 1354 1440 1404 290

129 1415 194 1461 Et
220 1414 413 1476 quidam
441 1430 570 1459 seros
596 1412 798 1475 hyberni
823 1412 884 1458 ad
911 1412 1097 1458 luminis
1115 1412 1246 1475 ignes

130 1481 403 1543 Pervigilat‚
432 1479 654 1541 ferroque
680 1480 810 1524 faces
834 1478 1042 1541 inspicat
1066 1487 1227 1528 acuto,

136 1549 316 1593 [nterea
338 1547 535 1606 longum
560 1552 705 1591 cantu
732 1544 882 1590 solata
900 1544 1111 1591 laborem

133 1615 315 1676 Arguto
341 1613 519 1673 conjux
542 1610 775 1673 percurrit
800 1610 992 1674 pectine
1009 1612 1126 1658 telas
1147 1629 1159 1667 ;

133 1681 231 1726 Aut
255 1679 408 1727 dulcis
423 1679 568 1725 musti
594 1678 811 1724 Vulcano
831 1677 1062 1740 decoquit
1079 1679 1343 1736 humorem,

131 1746 194 1792 Et
216 1746 336 1793 foliis
363 1745 539 1792 undam
564 1744 715 1807 tepidi
731 1743 989 1806 despumat
1011 1744 1169 1793 aheni.

198 1815 264 1860 At
287 1812 550 1859 rubicunda
568 1812 713 1859 Ceres
738 1811 894 1857 medio
913 1811 1180 1859 succiditur
1204 1817 1342 1868 aestu,

1414 525 1428 544 5

133 1879 197 1926 Et
221 1879 383 1926 medio
411 1886 559 1925 tostas
577 1885 696 1924 aestu
722 1877 831 1924 terit
855 1893 964 1924 area
988 1877 1163 1942 fruges,

130 1947 307 1997 ,Nudus
334 1962 433 2002 ara,
457 1962 558 1992 sere
583 1944 772 1999 nudus;
810 1944 974 2007 hyems
997 1944 1166 2007 ignava
1190 1944 1381 1991 colono.

134 2009 405 2074 Frigoribus
419 2020 557 2086 parto
570 2010 792 2074 agricolae
803 2011 1084 2074 plerumque
1094 2011 1334 2069 fruuntur,
1350 2017 1447 2060 300

139 2079 408 2140 Mutuaque
434 2078 554 2125 iuter
577 2095 626 2125 se
649 2077 748 2124 laeti
765 2077 984 2124 convivia
1009 2086 1208 2124 curant.

127 2143 314 2192 Invitat
335 2145 526 2207 genialis
545 2145 729 2207 h>ems‚
753 2159 985 2206 curasque
1011 2144 1217 2191 resolvit.

139 2212 239 2258 Ceu
266 2228 445 2274 pressae
473 2212 581 2257 cum
598 2211 702 2272 jam
728 2218 922 2272 portum
947 2210 1143 2272 tetigere
1170 2210 1357 2268 carinae,

138 2275 387 2339 Puppibus
411 2285 458 2324 et
484 2277 582 2323 laeti
605 2284 765 2324 nautae
791 2276 1059 2339 imposuere
1085 2293 1304 2324 coronas.

138 2345 231 2389 Sed
244 2353 400 2391 tamen
413 2352 460 2390 et
473 2360 708 2405 quernas
685 2343 876 2399 glandes
887 2352 985 2390 tum
997 2343 1224 2405 stringere
1246 2352 1452 2405 tempus,

138 2415 200 2461 Et
217 2412 339 2459 lauri
362 2411 552 2466 baccas,
578 2411 843 2471 oleamque,
870 2418 1163 2471 cruentaque
1182 2418 1362 2472 myrta3

132 2479 177 2524 'l
183 2493 275 2526 nuc
303 2476 502 2540 gruibus
519 2476 732 2538 pedicas,
751 2483 799 2521 et
818 2475 935 2522 retia
957 2491 1133 2538 ponere
1157 2476 1330 2533 cervis,
