1586 2704
525 110 782 143 AENtztoos
828 110 934 142 Lrss.
976 111 1054 142 xi.
1352 103 1443 143 353

148 224 276 272 Fidis
312 224 474 287 equo!
512 221 702 270 dimitte
727 223 902 283 fugam,
929 233 973 269 et
1000 232 1044 270 te
1070 222 1282 269 cominus
1307 239 1446 284 aequo

147 293 340 338 Mecum
367 287 509 336 crede
533 290 656 343 solo,
683 306 950 352 pugnaeque
975 290 1173 350 accinge
1206 289 1444 350 pedestri:

144 357 253 403 Jam
278 372 460 408 nosce&
482 364 675 400 ventosa
691 355 811 403 ferat
835 357 906 403 cui
931 356 1075 417 gloria
1098 355 1302 400 laudem.

147 423 312 469 Dixit:
348 421 498 468 atina
523 421 695 477 furens,
726 423 915 482 acrique
941 437 1142 467 accensa
1166 421 1346 476 dolore,

145 488 502 548 Traditequum
516 488 696 544 comiti,
716 489 1002 549 paribusque
1020 486 1192 533 resistit
1220 487 1262 531 in
1283 487 1445 541 armis,

144 554 270 599 Ense
293 553 437 615 pedes
465 553 612 607 nudo,
639 556 849 615 purique
870 555 1077 600 interrita
1104 553 1280 613 parma.
1350 559 1441 605 711

146 622 211 666 At
229 619 438 681 juvenis,
463 619 630 665 vicisse
655 621 763 664 dolo
787 629 931 675 ratus,
957 620 1109 665 avolat
1134 620 1249 679 ipse,

145 685 287 732 Haud
315 701 461 739 mora,
478 686 809 747 conversisque
836 686 974 746 fugax
1000 686 1209 730 aufertur
1233 683 1446 739 habeniS,

147 750 617 812 Quadrupedemque
641 752 785 797 citum
813 751 983 797 ferrata
1009 752 1141 797 calce
1162 750 1345 812 fatigat.

146 818 281 863 Vane
308 817 465 878 Ligur,
491 817 761 879 frustraque
786 819 950 864 animis
977 818 1096 863 elate
1123 819 1355 877 superbis,

146 884 477 945 Nequicquam
506 884 680 944 patrias
707 884 898 930 tentasti
924 884 1134 929 lubricus
1160 896 1312 934 artes;

147 949 252 996 Nec
276 949 402 995 fraus
426 958 470 995 te
494 949 775 995 incolumem
802 950 955 995 fallaci
984 948 1185 1010 perferet
1208 952 1368 994 Auno.

146 1015 264 1062 Haec
290 1014 412 1061 fatur
435 1016 583 1076 virgo,
609 1024 655 1060 et
682 1015 946 1076 pernicibus
972 1017 1105 1076 ignea
1131 1015 1301 1076 plantis

146 1081 330 1127 Transit
356 1097 528 1142 equum
549 1097 704 1136 cursu,
725 1081 977 1142 fraenisque
994 1082 1184 1126 adversa
1210 1080 1450 1140 prehensis

149 1147 483 1209 Congreditur,
509 1162 765 1208 poenasque
791 1148 1046 1193 inimicoex
1061 1150 1287 1207 sanguine
1302 1148 1446 1194 sumit

150 1211 310 1267 Quam
338 1212 472 1260 facile
497 1213 720 1274 accipiter
743 1230 856 1259 saxo
882 1230 1015 1260 sacer
1033 1213 1127 1257 :iles
1151 1214 1211 1257 ab
1236 1214 1332 1257 alto
1354 1220 1444 1266 721

151 1280 472 1340 Consequitur
490 1280 658 1341 pennis
682 1281 925 1326 subiimem
953 1280 996 1324 in
1015 1280 1141 1325 nube
1161 1280 1449 1335 columbam,

152 1345 522 1406 Comprensamq
533 1362 587 1390 ue
600 1346 982 1406 tenet,pedibusq
994 1347 1284 1391 ueeviscerat
1300 1345 1448 1391 uncis:

150 1411 276 1457 Tum
303 1427 444 1457 cruor
466 1421 511 1457 et
538 1411 684 1456 vulsae
709 1412 934 1458 labuntur
972 1413 1032 1457 ab
1060 1414 1233 1458 aethere
1260 1411 1451 1473 plumae.

208 1480 274 1523 At
291 1493 381 1522 non
403 1478 504 1524 haec
525 1477 662 1523 nullis
677 1479 916 1524 hominum
935 1488 1059 1524 sator
1077 1487 1222 1539 atque
1243 1479 1451 1524 Deorum

155 1543 426 1590 observans
452 1543 618 1598 oculis,
647 1560 832 1589 summo
859 1544 991 1590 sedet
1017 1544 1136 1590 altus
1165 1544 1387 1606 Olympo.

152 1609 453 1671 Tyrrhenum
476 1609 661 1671 genitor
681 1610 1006 1656 Tarchontem
1033 1610 1075 1655 in
1106 1611 1263 1672 praelia
1290 1627 1414 1656 saeva

152 1675 374 1730 suscitat,
392 1685 440 1722 et
462 1675 663 1721 stimulis
687 1676 813 1722 haud
842 1676 1060 1722 mollibus
1083 1676 1233 1735 injicit
1258 1677 1368 1723 iras.

151 1741 274 1802 Ergo
300 1743 416 1789 iuter
435 1742 594 1788 caedes
622 1743 933 1803 cedentiaque
959 1744 1143 1803 agmina
1165 1742 1356 1788 Tarcho

154 1808 322 1854 Fertur
346 1825 490 1870 equo,
517 1808 749 1870 variisque
774 1809 965 1869 instigat
991 1809 1186 1854 vocibus
1211 1809 1322 1864 alas,
1363 1817 1458 1865 730

116 1880 129 1894 ⁹
153 1873 357 1920 Nomine
399 1890 638 1936 quemque
675 1891 876 1929 vocans·;
929 1873 1182 1936 reficitque
1218 1874 1262 1919 in
1300 1877 1460 1938 praelia

287 1941 452 2002 pulsos
474 1956 486 1987 :
750 1997 754 2003 ι
1230 1991 1233 1993 ,

157 2006 278 2059 Quis
306 2016 477 2063 metus,
498 2025 526 2053 o
543 2025 787 2071 uunquam
809 2007 1016 2063 dolituri,
1043 2023 1070 2052 o
1087 2022 1274 2069 semper
1291 2011 1461 2056 inertes

154 2073 411 2136 Tyrrheni,
438 2090 544 2135 quae
573 2084 703 2121 tanta
727 2075 890 2120 animis
910 2074 1090 2135 ignavia
1116 2076 1276 2121 venit?

156 2139 363 2185 Foemina
389 2142 599 2201 paiantes
626 2141 738 2202 agit,
764 2151 909 2203 atque
945 2142 1047 2186 haec
1072 2141 1260 2201 agmina
1284 2141 1460 2188 vertit?

158 2207 269 2259 Quo
289 2206 500 2253 ferrum'i
539 2208 712 2270 quidve
739 2207 839 2252 haec
859 2207 1064 2268 gerimus
1084 2206 1175 2252 tela
1201 2206 1328 2253 irrita
1347 2208 1460 2255 dex-

289 2273 405 2319 tus?

156 2339 222 2384 At
248 2353 338 2383 non
362 2339 409 2385 in
436 2339 663 2386 Venerem
692 2355 871 2401 segneS,
898 2347 1229 2400 nocturnaque
1259 2338 1398 2393 bella,

93 2428 95 2432 v
159 2406 272 2458 Aut,
301 2405 381 2450 ubi
406 2421 551 2451 curva
577 2407 748 2452 choros
772 2406 942 2452 indixit
970 2406 1084 2451 tibia
1112 2405 1308 2462 Bacchi,

160 2470 424 2531 Expectare
446 2471 615 2533 dapes,
640 2482 684 2517 et
711 2474 862 2534 piena:
889 2473 1064 2535 pocula
1086 2488 1272 2517 niensae.
1349 2471 1461 2532 [pex

160 2534 254 2582 Hic
273 2551 420 2595 amor,
436 2537 525 2584 hoc
541 2538 769 2589 studitum
791 2541 899 2585 dum
926 2555 1058 2584 sacra
1080 2540 1317 2584 secundus
1332 2553 1464 2583 arus·
