1607 2700
189 57 283 105 236
549 71 597 104 P.
636 70 885 105 vmfflmr
926 70 1188 106 marionis

189 189 360 236 Omnis
394 204 476 251 per
503 205 661 236 muros
681 189 819 252 legiO,
845 191 1015 238 sortita
1039 191 1290 254 periclum,

187 254 424 312 Excubat,
443 263 732 318 exercetque
748 257 893 314 viceS,
913 257 1044 319 quod
1064 258 1238 319 cuique
1256 256 1484 305 tuendum

255 321 399 368 Nisus
426 330 522 370 erat
546 331 698 386 portae
724 332 898 379 custos,
922 324 1182 371 acerrimus
1199 324 1356 379 armis,
1379 326 1484 386 [est.

187 389 476 451 Hyrtacides
499 408 511 446 ;
549 390 771 436 comitem
798 392 956 436 AEneae
983 406 1126 451 quem
1158 390 1353 437 miserat
1376 389 1465 437 Ida

190 456 430 513 venatrix,
451 456 620 517 jaculo
645 457 847 503 celerem
871 456 1146 517 levibusque
1168 457 1350 520 sagittis
1370 474 1381 509 ;

186 525 248 570 Et
268 522 412 584 juxta
435 539 596 570 comes
623 522 874 583 EuryaluS,
903 538 999 583 quo
1025 523 1268 584 pulchrior
1298 524 1420 570 alter

186 591 300 637 Non
324 589 414 636 fuit
432 588 716 646 AEneadum,
733 587 949 648 Trojana
972 604 1129 651 neque
1148 588 1302 636 induit
1321 606 1450 636 arma
1467 607 1481 645 ;

187 659 288 704 Ora
313 672 430 718 puer
455 653 603 717 prima
626 655 814 717 signans
839 655 1028 701 intonsa
1044 656 1262 716 juventa.
1391 664 1478 704 181

187 722 273 770 His
300 738 435 768 amor
463 736 580 767 unus
606 730 723 777 erat,
745 721 1017 784 pariterque
1034 722 1081 767 in
1102 722 1226 768 bella
1247 722 1482 780 ruebant;

184 791 324 835 Tunc
339 805 532 851 quoque
549 788 792 836 communi
809 795 993 849 portam
1014 789 1217 835 statione
1239 789 1483 836 tenebant.

184 856 333 903 Nisus·
359 856 455 902 ait:
483 857 609 903 Dine
632 856 760 902 hunc
786 854 1003 901 ardorem
1024 854 1266 902 mentibus
1279 853 1483 912 addunt,

184 922 386 984 Euryale
409 923 425 970 3
450 938 511 968 an
532 939 616 969 sua
640 923 812 985 cuique
839 922 968 968 Deus
989 920 1045 968 fit
1069 921 1171 968 dira
1195 920 1403 982 cupido?

185 994 283 1036 Aut
297 1004 523 1051 pugnam,
538 997 620 1036 aut
631 989 811 1052 aliquid
822 988 1110 1050 jamdudum
1127 988 1346 1034 invadere
1358 1003 1486 1049 mag-

315 1072 430 1102 num

185 1123 324 1169 Meus
335 1122 482 1185 agitat
499 1122 613 1169 mihi
632 1140 643 1177 ;
661 1139 749 1170 nec
766 1121 960 1185 placid-A
971 1128 1199 1168 contenta
1217 1121 1375 1182 quiete
1393 1130 1482 1169 est.

184 1189 362 1245 Cernis,
389 1205 496 1250 quae
521 1190 723 1236 Rutulos
751 1190 930 1236 habeat
952 1186 1131 1234 fiducia
1157 1203 1312 1234 rerum
1336 1205 1347 1234 :

184 1256 384 1302 Lumina
404 1272 510 1303 rara
534 1255 712 1302 micant
733 1272 744 1309 ;
783 1272 950 1301 somno
974 1254 1182 1316 vinoque
1209 1253 1389 1312 sepulti

183 1323 484 1369 Procubuere
507 1341 517 1377 ;
542 1321 680 1368 silent
699 1322 793 1369 late
814 1322 937 1368 loca.
1006 1320 1205 1382 Percipe
1222 1319 1367 1382 porro
1392 1326 1485 1375 190

188 1387 312 1443 ‘Quid
325 1387 554 1445 dubitem,
568 1397 736 1451 etqua>
753 1405 876 1434 nunc
892 1386 1046 1433 animo
1060 1388 1295 1434 sententia
1307 1394 1483 1448 surgat.

182 1456 367 1502 AEneau
403 1456 550 1502 acciri
575 1471 752 1511 omnes,
780 1454 1101 1517 populusque,
1141 1462 1417 1515 patresque,

182 1524 488 1585 Exposcunt;
517 1521 735 1583 mittique
756 1523 894 1577 viros,
917 1520 998 1583 qui
1026 1528 1156 1567 certa
1171 1529 1436 1583 reportent.

185 1590 232 1637 Si
256 1588 360 1646 tibi,
389 1605 496 1651 quae
521 1604 686 1651 posco,
714 1587 1027 1650 promittunt:
1056 1591 1186 1647 (nam
1212 1587 1326 1633 mihi
1347 1585 1463 1634 facti

185 1658 331 1703 Fama
352 1664 425 1702 sat
449 1659 539 1713 est)
565 1654 751 1701 tumulo
777 1653 943 1700 videor
968 1654 1177 1714 reperire
1204 1654 1293 1699 sub
1319 1654 1399 1700 illo

182 1724 337 1769 Posse
362 1722 487 1769 viam
514 1721 571 1768 ad
601 1737 759 1768 muros
785 1729 834 1768 et
858 1719 1030 1766 rnoenia
1056 1720 1318 1766 Pallantea.

251 1789 520 1850 Obstupuit
545 1804 715 1850 magno
740 1787 934 1834 laudum
959 1786 1201 1848 perculsus
1223 1803 1386 1833 amore

184 1856 436 1918 Euryalus,
463 1855 603 1901 simul
630 1855 700 1901 his
725 1853 969 1901 ardentem
995 1852 1171 1899 affatur
1189 1854 1427 1901 amicum:

185 1925 332 1969 Mene
358 1922 500 1984 igitur
525 1921 710 1968 so'cium
737 1920 931 1967 summis
956 1918 1217 1982 adjungere
1244 1921 1404 1975 rebus,

185 1989 319 2045 Nise,
347 1989 507 2052 fugis?
529 1990 683 2036 solum
708 1995 754 2035 te
780 1988 826 2033 in
851 1995 982 2034 tanta
1006 1986 1216 2048 pericula
1241 1987 1428 2034 mittam
1450 1988 1470 2034 ’ζ

184 2057 293 2103 Non
314 2056 381 2101 ita
407 2073 479 2102 me
504 2057 690 2116 genitor
716 2055 855 2101 bellis
881 2060 1101 2099 assuetus
1132 2052 1367 2114 Opheltes
1390 2061 1481 2102 QOt

186 2122 461 2184 Argolicum
484 2130 709 2168 terrorem
736 2121 857 2167 inter
879 2120 1140 2182 Trojaeque
1165 2119 1356 2166 labores

187 2188 435 2236 Sublatum
458 2188 660 2244 erudiit;
684 2204 771 2234 nec
794 2196 951 2234 tecum
979 2187 1093 2233 talia
1117 2186 1254 2244 gessi,

187 2255 545 2317 Magnanimum
570 2255 750 2301 AEnean
770 2262 818 2301 et
843 2253 937 2300 fata
962 2261 1168 2300 extrema
1195 2260 1407 2299 secutus.

187 2323 274 2369 Est
294 2322 387 2377 hic,
415 2328 489 2368 est
511 2321 696 2368 animus
724 2321 842 2367 lucis
868 2326 1166 2372 contemtor;
1193 2328 1241 2366 et
1265 2319 1409 2366 istum

188 2390 284 2444 Qui
309 2388 403 2435 vita
432 2388 552 2434 bcne
578 2387 744 2434 credat
764 2388 870 2444 emi,
899 2403 995 2449 quo
1021 2385 1193 2442 tendis,
1224 2386 1469 2434 honorem,

252 2456 399 2502 Nisus
425 2454 483 2501 ad
511 2455 642 2502 haec:
673 2454 905 2516 Equidem
932 2454 989 2500 <fe
1017 2460 1061 2500 te
1078 2453 1142 2499 nil
1167 2452 1258 2499 tale
1272 2453 1488 2509 verebar,
