1607 2700
156 66 252 109 210
496 72 541 107 P.
580 70 830 106 VIRGILII
870 70 1134 106 MARoMs

157 188 280 234 Ossa
299 194 499 241 tremor;
527 186 745 249 fuditque
767 202 930 249 preces
951 202 1030 233 rex
1048 192 1241 248 pectore
1256 185 1343 232 ab'
1333 203 1454 238 imo·

155 254 354 309 Phoebe,
383 269 549 315 graves
574 253 740 314 Trojae
765 268 950 313 semper
976 253 1186 299 miserate
1211 252 1398 300 labores

157 294 410 366 Dardana?
413 321 493 382 qui
519 321 703 367 Paridis
730 319 900 365 direxti
927 319 1015 364 tela
1042 334 1304 379 manusque

158 386 383 448 Corpus
373 403 416 432 m
445 387 675 434 AEacidae:
705 402 895 447 magnas
923 385 1152 431 obeuntia
1180 393 1325 431 terras

154 451 255 498 Tot
279 452 421 499 maria
447 453 637 509 intravi,
664 453 787 498 duce
814 459 877 508 te,
907 451 1189 512 penitusque
1216 452 1434 514 repostas

154 518 424 581 Massylum
445 526 627 581 gentes,
650 525 977 580 praetentaque
999 518 1217 580 Syrtibus
1235 533 1369 564 arva:
1392 515 1456 564 60

153 585 260 632 Jam
285 584 475 631 tandem
502 585 650 632 Italiae
675 583 897 646 fugientis
923 583 1196 644 prendimus
1223 600 1343 631 oras,

156 651 265 698 Hac
288 650 508 712 Trojana
532 658 667 697 tenus
690 648 834 696 fuerit
858 649 1049 696 fortuna
1074 658 1252 697 secuta.

154 718 251 763 Vos
278 732 470 779 quoque
487 716 760 779 Pergameae
776 715 877 777 jam
905 715 973 762 fas
997 722 1070 762 est
1092 731 1284 776 parcere
1310 716 1457 777 genti,

154 784 318 846 Dique
346 784 555 846 Deaeque
582 800 762 840 omnes,
800 783 971 844 quibus
997 781 1187 829 obstitit
1212 782 1366 839 Ilium,
1408 789 1458 829 et

286 849 452 912 ingens

158 915 328 962 Gloria
354 915 622 963 Dardaniae.
691 916 886 978 Tuque,
921 931 948 960 ο
976 913 1272 961 sanctissima
1296 922 1444 971 vates,

154 982 360 1029 Praescia
388 983 585 1038 venturi,
614 982 676 1029 da
700 987 815 1043 (non
840 981 1054 1029 indebita
1078 997 1228 1045 posco

155 1050 323 1110 Regna
349 1048 464 1095 meis
491 1048 616 1106 fatis)
641 1049 777 1096 Latio
805 1047 1050 1095 considere
1075 1049 1303 1102 Teucros,

155 1117 472 1177 Errantesque
499 1117 643 1171 Deos,
669 1115 941 1177 agitataque
967 1115 1160 1161 numina
1183 1115 1360 1175 Trojae.

153 1182 280 1228 Tum
306 1182 489 1228 Phoebo
510 1191 558 1229 et
575 1183 746 1229 Triviae
772 1182 926 1228 solido
952 1181 1012 1227 de
1031 1198 1260 1227 marmore
1283 1179 1460 1242 templa

156 1248 424 1305 Instituam,
453 1248 694 1311 festosque
719 1249 816 1295 dies
843 1248 899 1294 dc
926 1249 1111 1294 nomine
1138 1247 1323 1294 Phoebi.
1396 1254 1459 1302 70

155 1315 227 1360 Te
253 1331 445 1377 quoque
472 1331 641 1377 magna
668 1323 857 1362 manent
883 1315 1034 1376 regnis
1060 1315 1317 1376 penetralia
1354 1329 1462 1359 nos-

156 1381 251 1427 Hic
277 1399 366 1444 ego
393 1398 596 1444 namque
621 1390 723 1428 tuas
742 1390 905 1437 sortes,
926 1397 1192 1444 arcanaque
1218 1380 1313 1427 fata
1331 1379 1457 1444 [tris.

160 1448 304 1494 Dicta
331 1465 449 1494 meae
473 1448 602 1510 genti
625 1465 796 1511 ponam
821 1467 833 1504 ;
869 1449 1119 1510 lectosque
1144 1448 1360 1503 sacrabo,

156 1514 311 1570 Alma,
340 1515 497 1562 viros:
527 1514 649 1560 foliis
680 1515 866 1562 tantum
893 1531 951 1561 ne
977 1514 1189 1561 carmina
1225 1513 1426 1569 manda3

157 1579 233 1627 Ne
256 1581 449 1627 turbata
474 1581 632 1628 volent
653 1582 828 1642 rapidis
853 1580 1058 1628 ludibria
1083 1580 1231 1627 ventis
1253 1597 1265 1626 ι

158 1648 276 1709 Ipsa
301 1663 460 1703 canas,
488 1663 587 1696 oro.
660 1647 821 1695 Finem
850 1648 987 1695 dedit
1011 1663 1091 1693 ore
1116 1646 1360 1707 loquendi.

226 1716 288 1761 At
312 1714 483 1761 Phoebi
509 1713 718 1761 nondum
745 1715 928 1777 patiens
951 1713 1166 1760 immanis
1192 1713 1237 1758 in
1264 1720 1402 1758 antro

159 1780 435 1828 Bacchatur
459 1788 608 1839 vateS‚
632 1797 852 1842 magnum
880 1782 916 1827 si
942 1789 1134 1843 pectore
1160 1779 1312 1841 possit

160 1847 441 1894 Excussisse
467 1848 656 1895 Deum:
694 1856 827 1894 tanto
853 1848 1004 1910 magis
1031 1846 1106 1893 ille
1132 1845 1299 1907 fatigat

159 1916 231 1961 Os
257 1913 496 1971 rabidum,
531 1913 631 1962 fera
667 1914 814 1963 corda
849 1915 1065 1971 domans,
1093 1911 1326 1976 fingitque
1355 1927 1460 1974 pre-

291 1981 479 2028 mendo.
1401 1984 1462 2026 SO

161 2047 299 2094 Ostia
316 2047 518 2110 jamque
541 2047 710 2095 domus
736 2054 935 2109 patuere
959 2046 1166 2110 iugentia
1190 2053 1383 2092 centum

159 2114 335 2175 Sponte
362 2115 463 2171 sua,
489 2115 710 2177 vatisque
735 2114 892 2162 ferunt
915 2129 1140 2178 responsa
1167 2129 1251 2175 per
1282 2127 1420 2158 auras
1450 2126 1460 2157 t

161 2180 206 2226 O
233 2179 426 2226 tandem
454 2182 636 2243 magnis
662 2181 818 2243 pelagi
843 2182 1070 2229 defuncte
1096 2179 1317 2242 periclis!

160 2246 255 2293 Sed
287 2248 411 2293 terra
439 2249 652 2309 graviora
676 2257 882 2297 manent.
952 2249 1005 2294 In
1032 2263 1176 2309 regna
1200 2244 1364 2292 Lavini

161 2312 454 2360 Dardanidae
473 2316 685 2368 venient;
709 2315 843 2362 mitte
860 2316 982 2362 hanc
997 2314 1055 2361 de
1072 2322 1267 2376 pectore
1283 2326 1463 2358 curam:

161 2379 257 2426 Sed
281 2396 376 2426 non
401 2387 450 2426 et
473 2380 654 2427 venisse
680 2381 858 2428 volent.
931 2380 1078 2436 Bella,
1105 2378 1295 2428 horrida
1314 2377 1462 2433 bella,

165 2446 226 2493 Et
250 2447 450 2510 Tybrim
479 2447 627 2495 multo
653 2456 952 2510 spumantem
980 2447 1203 2510 sauguine
1239 2460 1400 2494 cerno.
