1607 2700
557 105 818 140 AENEADOS
849 106 960 139 Llss.
999 106 1074 138 ιν.
1375 101 1459 148 17]

161 226 304 272 Mene
324 225 486 285 fugis?
537 238 619 284 per
637 240 723 285 ego
750 223 834 268 has
872 223 1106 285 lacrymas
1150 223 1467 288 dextramque

291 301 435 346 tuam,
474 299 537 344 te,

159 357 387 413 (Quando
407 355 533 402 aliud
558 355 670 401 mihi
689 355 791 416 jam
813 355 994 402 miserae
1011 355 1126 401 nihil
1150 356 1255 418 ipsa
1281 358 1469 420 reliqui)

161 425 249 469 Per
264 422 501 468 connubia
526 430 703 476 nostra,
730 437 814 482 per
838 422 1054 484 inceptos
1081 423 1401 484 Hymeuaeos;

161 490 207 534 Si
234 490 350 534 bene
375 489 492 550 quid
518 489 577 534 de
603 498 649 534 te
674 489 840 544 merui,
878 488 967 534 fuit
991 498 1072 534 aut
1097 489 1182 535 tibi
1210 490 1469 552 quit-quam

159 555 313 601 Dulce
338 572 495 601 meum
520 573 530 609 ;
566 555 786 601 miserere
806 555 976 601 domus
993 555 1211 611 labentis,
1238 564 1286 602 et
1311 557 1469 613 istam,

159 622 274 678 Oro,
301 621 339 668 si
361 623 466 683 quis
491 622 649 668 adhue
675 622 900 684 precibus
926 622 1076 677 locus,
1103 638 1222 667 exue
1249 632 1471 668 mentem,

157 688 231 734 Te
257 699 454 750 propter
472 689 668 751 Libycae
688 695 867 748 gentes,
889 688 1263 750 Nomadumque
1284 690 1468 751 tyranni

159 754 335 810 Odere,
362 755 531 801 infensi
555 754 684 817 Tyrii
705 771 716 801 :
756 762 802 800 te
827 763 1023 816 propter
1046 755 1248 801 eundem
1374 762 1465 803 321

158 820 414 867 Extinctus
441 821 617 883 pudor,
645 821 835 881 et,·qu·‹3
861 821 958 866 sola
985 821 1141 867 sidera
1166 821 1374 877 adibam,

158 887 302 933 Fama
321 888 463 949 prior.
491 888 580 934 Cui
600 903 675 933 me
696 886 1032 933 moribundam
1046 887 1242 943 deseris,
1267 887 1472 950 hospes?

157 953 267 999 Hoc
293 954 445 1000 solum
471 969 638 1000 nomen
665 951 886 1014 quoniam
914 952 972 998 de
993 953 1193 1014 conjuge
1219 963 1386 1001 restat.

158 1019 284 1073 Quid
301 1021 487 1067 moror'!
516 1036 574 1066 an
589 1034 692 1065 mea
707 1018 985 1081 Pygmalion
999 1019 1111 1065 dum
1128 1020 1299 1065 moenia
1326 1020 1472 1068 frater

158 1087 416 1134 Destruat'?
453 1094 534 1133 aut
559 1094 749 1148 captam
775 1085 924 1131 ducat
950 1086 1162 1132 Gaetulus
1184 1087 1383 1135 Iarbas?

158 1152 338 1198 Saltem
366 1154 401 1198 si
428 1170 524 1216 qua
549 1152 661 1198 mihi
684 1153 745 1199 de
770 1160 815 1197 te
841 1162 1065 1214 suscepta
1085 1153 1254 1200 fuisset

156 1220 284 1265 Ante
310 1218 468 1282 fugam
490 1219 696 1275 soboles,
723 1218 762 1265 si
788 1218 894 1281 quis
921 1219 1033 1265 mibi
1058 1220 1279 1280 parvulus
1295 1220 1405 1267 aula

158 1284 365 1332 Luderet
390 1288 576 1341 AEneas,
609 1286 692 1347 qui
718 1293 764 1331 te
789 1293 946 1331 tamen
974 1302 1052 1332 ore
1077 1284 1269 1333 referret
1291 1305 1302 1341 ;

158 1352 270 1398 Non
296 1352 515 1414 equidem
543 1351 735 1397 omnino
761 1359 900 1412 capta
925 1361 1006 1398 aut
1031 1352 1219 1399 deserta
1243 1353 1447 1401 viderer.
1470 1354 1473 1355 ⁷

227 1418 441 1466 Dixerat.
482 1419 570 1464 Ille
582 1418 714 1464 Jovis
737 1417 926 1463 monitis
945 1419 1351 1467 immotatenebat
1375 1428 1465 1469 331

160 1485 378 1542 Lumina,
404 1495 452 1532 et
477 1485 680 1531 obnixus
705 1501 870 1531 curam
892 1486 979 1531 sub
1006 1485 1151 1532 corde
1171 1487 1438 1548 premebat.

158 1551 378 1598 Tandem
399 1567 552 1614 pauca
570 1550 734 1598 refert:
780 1553 883 1613 Ego
901 1559 964 1607 te,
985 1569 1091 1613 quae
1107 1552 1308 1614 plurima
1326 1552 1473 1600 faudo

159 1618 448 1665 Enumerare
469 1618 616 1674 vales,
639 1634 903 1679 nunquam,
932 1619 1106 1681 regina,
1133 1620 1318 1679 negabo

158 1684 494 1740 Promeritam3
534 1700 622 1730 nec
649 1701 724 1730 me
750 1684 1018 1731 meminisse
1043 1685 1223 1747 pigebit
1248 1687 1384 1732 Elisae
1405 1705 1416 1741 ;

160 1752 289 1797 Dum
310 1768 487 1798 memor
504 1751 608 1813 ipse
626 1751 734 1807 mei,
758 1750 870 1797 duni
886 1752 1075 1814 spiritus
1098 1755 1183 1798 bos
1195 1753 1470 1812 regitartus.

158 1817 249 1864 Pro
275 1834 324 1864 re
349 1834 503 1880 pauca
526 1818 711 1879 loquar.
784 1818 890 1864 Nec
914 1834 1001 1880 ego
1029 1819 1150 1865 hauc
1177 1819 1473 1867 abscondere

289 1883 418 1930 furto

159 1950 373 2012 Speravi,
400 1967 457 1996 ne
482 1949 625 2012 finge,
652 1948 839 2011 fugam3
878 1966 964 1996 nec
991 1951 1212 2014 conjugis
1241 1969 1451 2016 unquam

160 2017 397 2064 Praetendi
418 2017 587 2072 taedas,
609 2025 689 2062 aut
715 2017 817 2062 haec
844 2016 887 2061 iu
912 2016 1090 2064 foedera
1119 2019 1240 2064 veni.

160 2083 243 2130 Me
269 2085 307 2130 si
334 2084 432 2130 fata
454 2083 567 2130 meis
592 2091 868 2144 paterentur
892 2082 1069 2130 ducere
1095 2084 1239 2130 vitam
1376 2094 1473 2135 340

159 2150 414 2212 Auspiciis,
439 2159 485 2196 et
509 2157 677 2212 sponte
698 2149 803 2195 mesi
829 2166 1113 2211 componere
1133 2166 1269 2198 curas
1291 2171 1303 2208 ;

159 2216 339 2264 Urbem
363 2215 624 2277 Trojauam
651 2216 855 2278 primum
883 2216 1148 2278 dulcesque
1173 2235 1383 2267 meorum

161 2282 402 2345 Reliquias
424 2285 647 2338 colerem,
675 2283 849 2329 Priami
871 2291 1002 2329 tecta
1024 2284 1117 2330 alta
1142 2293 1418 2341 manerent;

163 2348 223 2394 Et
247 2349 454 2396 recidiva
480 2365 621 2395 manu
646 2349 909 2410 posuissem
934 2348 1162 2412 Pergama
1184 2352 1336 2397 victis.

162 2413 252 2459 Sed
281 2430 406 2461 nunc
435 2415 615 2462 ltaliam
642 2430 861 2476 magnam
887 2417 1126 2478 Grynaeus
1153 2417 1348 2480 Apollo,

160 2477 346 2526 Italiam
375 2479 728 2544 Lyciaejussere
754 2497 1000 2543 capessere
1020 2491 1186 2531 sortes.
