1586 2704
519 121 779 155 AEsfflnos
819 120 930 154 ΜΒ.
970 122 1024 154 x.
1317 107 1415 150 305

609 234 806 280 LIBER
858 233 919 279 X.

113 303 264 377 PAN
250 340 450 376 DITUR
469 327 648 373 interea
665 326 835 371 domus
848 326 1189 388 omnipotentis
1206 328 1298 391 Oly
1291 330 1417 392 mpi‚

115 396 482 455 Conciliumque
502 401 642 438 vocat
660 391 838 438 Divum
860 400 995 454 pater
1013 400 1155 454 atque
1173 382 1417 443 honiinum

245 477 327 508 rex

116 525 394 576 Sideream
383 541 429 570 m
455 524 617 571 sedem
639 541 649 571 :
688 532 834 570 terras
862 523 986 570 uude
1011 524 1188 571 arduus
1207 543 1386 582 omnes,

118 594 381 654 Castraque
396 591 717 638 Dardanidum
736 598 968 649 aspectat,
984 592 1283 653 populosque
1296 594 1423 638 Lati·

118 658 382 705 Cousiduut
408 657 551 704 tectis
580 656 923 718 bipatentibus,
940 656 1108 718 incipit
1129 658 1262 718 ipse:
1300 660 1421 720 [uos.

119 724 364 771 Coelicolae
392 723 562 784 magui,
592 723 813 783 quianam
845 725 1080 768 sententia
1106 724 1242 769 vobis

118 790 266 836 Versa
292 790 450 836 retro?
507 788 788 850 tantumque
809 789 975 834 animis
1002 789 1190 835 certatis
1215 790 1426 852 iniquis?

119 856 393 902 Abnueram
421 855 545 902 bello
571 854 755 900 ltaliam
783 869 1065 900 concurrere
1092 856 1321 905 Teucris:

121 923 243 976 Quae
264 929 426 968 contra
443 921 642 968 vetitum
657 919 916 966 discordia?
933 920 1035 981 quis
1054 931 1305 978 metus‚aut
1323 923 1425 977 lios,

120 990 220 1034 Aut
246 989 332 1034 lios
356 1003 485 1032 arma
504 986 637 1048 sequi
663 986 935 1047 ferrumque
964 986 1191 1032 lacessere
1218 988 1403 1033 suasit?

122 1053 359 1100 Adveniet
376 1053 560 1111 justum
587 1067 778 1113 pugnae,
798 1067 856 1096 ne
881 1053 1118 1108 arcessite„
1145 1061 1350 1115 tempus,
1371 1061 1423 1100 11

123 1118 244 1166 Cium
272 1119 372 1165 sera
397 1119 640 1178 Carthago
667 1117 892 1163 Romanis
918 1119 1109 1164 arcibus
1137 1118 1246 1164 olim

122 1184 333 1231 Exitium
360 1198 580 1245 magnum
604 1191 749 1245 atque
776 1183 923 1246 Alpes
948 1185 1175 1230 immittet
1198 1193 1409 1246 apertas,

123 1247 244 1298 Tum
273 1260 453 1297 certare
479 1250 618 1306 odiis,
644 1257 744 1295 tum
771 1266 842 1296 res
869 1251 1078 1312 rapuisse
1103 1250 1296 1297 licebit:

126 1316 268 1363 Nunc
296 1317 451 1373 sinite,
477 1325 522 1362 et
546 1316 767 1376 placitum
795 1315 890 1361 laeti
917 1317 1190 1377 componite
1215 1316 1383 1361 foedus.

191 1384 379 1445 Jupiter
403 1383 505 1427 haec
528 1381 721 1443 paucis:
747 1390 794 1428 at
816 1397 910 1427 non
927 1383 1089 1428 Venus
1105 1398 1244 1428 aurea
1269 1379 1434 1428 contra

127 1450 292 1496 Pauca
318 1448 477 1496 refert.

130 1515 176 1562 O
204 1523 352 1577 pater,
380 1531 407 1560 o
434 1513 674 1559 homiuum
704 1512 980 1574 Divi'quue
1007 1521 1182 1559 aeterna
1205 1522 1434 1575 potestas,

128 1581 373 1644 (Namque
396 1579 525 1627 aliud
549 1579 661 1641 quid
691 1581 767 1636 sit,
790 1580 1031 1641 quodjam
1055 1580 1304 1642 implorare
1321 1596 1434 1642 que-

261 1663 394 1694 amus
409 1649 448 1707 3)

131 1713 295 1760 Cernis
323 1723 376 1760 ut
393 1715 619 1762 insultent
639 1713 839 1761 Rutuli?
865 1713 1152 1772 Turnusque
1173 1711 1351 1758 seratur
1375 1720 1438 1760 20

130 1779 224 1827 Per
245 1780 424 1827 medios
448 1780 642 1843 insignis
659 1780 810 1842 equis,
837 1779 1144 1839 tumidusque
1167 1779 1382 1824 secundo

130 1845 288 1892 Marte
308 1847 436 1895 ruat?
457 1864 550 1894 non
566 1848 728 1894 clausa
746 1854 820 1890 te«
796 1845 1015 1918 untjam
1035 1845 1439 1901 moeuiaTeucros,

132 1911 260 1966 Quin
280 1912 402 1960 intra
425 1922 585 1975 portas
610 1921 754 1973 atque
780 1911 893 1971 ipsis
919 1911 1081 1970 praelia
1106 1908 1310 1957 miscent

132 1979 400 2042 Aggeribus
422 1995 691 2032 moerorum,
713 1987 759 2024 et
788 1978 1014 2022 inundant
1033 1992 1134 2021 san
1124 1976 1259 2030 ,ruine
1279 1975 1437 2023 fossae.

133 2045 339 2092 AEneas
328 2061 517 2108 ignarus
543 2046 695 2092 abest.
756 2044 1073 2103 Nunquamne
1099 2042 1239 2088 levari

133 2109 398 2159 Obsidione
418 2112 578 2158 sines?
615 2109 756 2156 muris
783 2112 948 2155 iterum
972 2108 1184 2154 imminet
1211 2109 1356 2154 hostis

134 2177 390 2225 Nascentis
409 2177 586 2238 Trojae‚
608 2192 695 2222 uec
724 2192 815 2221 uou
843 2177 1076 2221 exercitus
1103 2175 1239 2231 alter,

137 2244 297 2304 Atque
321 2245 488 2291 iteruin
531 2244 576 2289 iu
616 2245 826 2290 Teucrus
851 2241 1015 2287 AEtolis
1042 2242 1188 2301 surgit
1213 2241 1274 2287 ab
1300 2242 1440 2301 Arpis

135 2308 366 2371 Tydides.
405 2310 640 2373 Equidem
667 2309 825 2363 credo,
855 2324 956 2354 mea
979 2307 1170 2352 vulnera
1196 2315 1392 2361 restant,

137 2377 200 2423 Et
226 2383 305 2424 tua
324 2376 570 2440 progenies
597 2374 813 2421 mortalia
837 2375 1060 2420 demoror
1084 2390 1226 2419 arma.
1377 2379 1440 2418 :30

140 2440 309 2490 Sisine
334 2458 452 2504 pace
478 2442 558 2489 tua
583 2451 726 2502 atque
751 2440 897 2484 invito
924 2441 1113 2486 numine
1139 2441 1284 2485 Troes

139 2507 323 2557 Italiam
349 2508 557 2571 petiere3
597 2508 728 2553 luant
754 2513 966 2564 peccata,
996 2522 1146 2566 neque
1173 2506 1273 2549 illus
