1607 2700
549 124 815 159 AENmnos
859 125 968 157 mn.
1013 123 1105 156 111.
1402 111 1490 161 149

170 244 272 291 eEre
292 260 406 291 cavo
427 243 672 304 clypeum,
714 239 869 301 magni
894 249 1135 301 gestamen
1163 238 1383 294 Abantis,

167 311 392 357 Postibus
417 307 629 354 adversis
656 305 768 368 figo,
795 314 841 351 et
866 322 962 351 rem
991 308 1195 351 carmine
1222 306 1384 368 signo:

164 377 342 424 Almus
364 376 466 422 llaec
490 374 545 421 de
574 373 769 420 Danais
796 373 1050 418 vistoribus
1072 389 1218 418 arma.

162 444 397 503 Linquere
422 450 520 487 tuni
539 450 706 502 portus
724 439 895 500 jubeo,
922 448 969 484 et
990 438 1234 484 considere
1253 437 1485 485 transtris,

161 509 386 555 Certatim
413 507 527 553 socii
552 506 726 552 feriunt
748 521 889 560 mare,
917 514 964 550 et
990 521 1184 566 aequora
1213 513 1418 551 verrunt.

164 577 393 622 Protenus
407 573 558 621 aerias
577 573 835 619 Phaeacum
849 571 1191 617 abscondimus
1209 586 1361 625 arces,
1392 578 1479 626 ί291

158 641 437 703 Littoraque
463 640 597 702 Epiri
613 639 828 701 legimus,
868 648 1108 700 portuque
1138 637 1353 685 subimus

158 708 393 764 Chaonio,
419 715 468 753 et
492 707 663 753 celsam
692 705 915 752 Buthroti
935 705 1232 751 ascendimus
1255 705 1440 750 urbem.

224 775 313 821 Hic
340 774 634 821 incredibilis
660 789 811 819 rerum
838 773 966 818 fama
992 778 1200 833 occupat
1224 787 1376 826 aures,

156 841 426 887 Priamiden
454 841 691 887 Helenum
718 839 890 886 Graias
915 853 1110 900 regnare
1136 854 1221 899 per
1247 837 1401 891 urbes,

157 909 401 970 Conjugio
426 907 639 955 AEacidae
666 906 832 968 Pyrrhi
859 905 1157 967 sceptrisque
1185 905 1394 967 potitum
1420 920 1431 957 ;

155 976 216 1020 Et
237 978 394 1037 patrio
418 974 783 1020 Andromachen
810 972 980 1037 iterum
1007 972 1212 1018 cessisse
1234 971 1423 1018 marito.

157 1041 405 1104 Obstupui
429 1059 440 1096 ;
477 1041 693 1102 miroque
719 1040 963 1085 incensum
985 1047 1158 1100 pectus
1183 1054 1357 1094 amore,

157 1108 460 1169 Compellare
486 1107 653 1163 virum,
680 1114 730 1152 et
752 1122 892 1151 casus
918 1121 1212 1165 cognoscere
1240 1113 1414 1152 tantos„

156 1174 440 1237 Progredior
463 1182 624 1236 portu,
652 1173 826 1219 classes
853 1181 900 1218 et
925 1172 1089 1218 littora
1113 1171 1350 1234 linquens,
1394 1179 1491 1220 Sco

156 1241 401 1287 Solemues
425 1249 524 1288 tum
551 1240 674 1288 forte
700 1239 849 1302 dapes
876 1247 922 1285 et
949 1239 1101 1285 tristia
1127 1238 1256 1284 dona

155 1309 283 1354 Ante
309 1307 491 1366 urbem,
527 1307 574 1352 in
600 1307 728 1362 luco,
767 1305 873 1351 falsi
900 1305 1154 1352 Simoentis
1181 1306 1238 1351 ad
1268 1305 1458 1359 undam,

156 1374 368 1422 Libabat
395 1374 542 1421 cineri
564 1372 922 1427 Andromache,
963 1373 1228 1433 Manesque
1249 1373 1456 1418 vocabat

158 1440 454 1489 Hectoreum
478 1440 537 1486 ad
565 1440 818 1494 tumulum,
847 1438 984 1485 viridi
1012 1454 1154 1500 quem
1184 1440 1366 1501 cespite
1393 1440 1493 1484 ina-

291 1525 416 1564 nem,

157 1573 220 1620 Et
243 1575 473 1636 geminas,
501 1589 694 1620 causam
720 1572 954 1634 lacrymi3‚
974 1580 1245 1618 sacraverat
1270 1588 1392 1621 aras,

157 1641 226 1688 Ut
251 1657 325 1687 me
350 1640 605 1701 conspexit
631 1640 911 1694 venientem,
940 1648 988 1685 et
1011 1639 1158 1684 Troia
1180 1639 1361 1685 circu-m

158 1709 302 1753 Arma
323 1723 487 1753 amens
514 1706 660 1753 vidit:
701 1706 884 1768 mugnis
909 1704 1136 1751 exterrita
1162 1708 1405 1762 monstris,

159 1774 368 1834 Diriguit
395 1773 496 1819 visu
523 1772 569 1818 in
592 1773 775 1827 niedio;
818 1772 949 1818 calor
973 1788 1085 1818 ossa
1109 1771 1306 1834 reliquit
1328 1790 1338 1826 ;

159 1840 363 1887 Labitur
383 1848 482 1895 ;·et
500 1840 644 1902 longo
672 1840 748 1885 vix
775 1838 968 1886 tandem
996 1847 1210 1899 tempore
1238 1837 1394 1886 fatur:

160 1907 343 1954 Verane
360 1915 415 1966 'te
442 1906 608 1963 facies,
646 1923 782 1952 verus
805 1906 917 1951 mihi
943 1905 1139 1951 nuntius
1165 1905 1324 1961 affers,
1400 1913 1497 1955 310

159 1973 285 2019 Nate
308 1974 442 2020 Dea?
483 1973 688 2019 vivisne?
725 1981 824 2027 aut,
853 1972 890 2018 si
915 1972 995 2017 lux
1015 1971 1139 2018 alma
1165 1973 1374 2028 recessit,

161 2040 345 2086 Hector
370 2039 450 2086 ubi
487 2040 588 2086 est?
647 2039 796 2094 Dixit,
836 2039 1168 2102 lacrymasque
1216 2038 1401 2096 effudit,
1451 2049 1499 2087 et

295 2123 485 2153 omnem

161 2173 386 2236 Implevit
411 2173 620 2220 clamore
640 2173 819 2218 locum.
890 2172 981 2217 Vix
1008 2187 1164 2233 pauca
1188 2169 1365 2218 furenti

163 2239 396 2301 Subjicio,
422 2249 469 2286 et
491 2240 604 2286 raris
629 2240 850 2286 turbatus
876 2239 1074 2284 vocibus
1102 2238 1263 2286 hisco:

165 2307 284 2351 vivo
303 2306 542 2369 equidem,
570 2308 812 2367 vitamque
836 2314 1048 2352 extrema
1067 2320 1155 2366 per
1171 2304 1328 2351 omnia
1349 2303 1498 2352 duco.

165 2373 238 2419 Ne
262 2372 447 2428 dubita,
475 2389 581 2418 nani
611 2388 722 2420 vera
749 2371 899 2420 vides.

165 2437 274 2485 Heu
301 2440 406 2500 quis
432 2448 478 2486 te
504 2454 645 2486 casus
672 2437 912 2500 dejectam
938 2435 1145 2499 conjuge
1165 2443 1300 2485 tanto

168 2504 382 2568 Excipit?
420 2514 500 2552 aut
527 2522 635 2568 quae
659 2504 803 2566 digna
830 2504 946 2552 satis
973 2503 1164 2550 fortuna
1190 2505 1389 2553 revisit?
