1586 2704
579 80 867 138 ‘AEnmnos
909 102 1022 136 Lm.
1061 102 1172 136 ΧΠ.
1442 92 1536 146 367

230 219 442 283 Projecit
466 218 628 275 fluvio,
654 218 939 280 penitusque
962 218 1011 265 in
1036 219 1203 265 nubila
1227 219 1366 280 fugit.

293 289 416 334 'l'um
443 285 552 332 vero
579 285 828 348 augurium
855 285 1022 331 Rutuli
1041 286 1246 332 clamore
1269 286 1497 343 salutant,

226 353 598 417 Expediuntque
629 368 814 408 manus,
842 351 1121 414 primusque
1140 352 1431 401 Tolumnius
1454 370 1536 401 au-

359 436 462 482 gur,

224 486 332 532 Hoc
350 494 466 542 erat,
481 485 591 543 hoc,
606 485 746 540 votis,
764 485 935 547 inquit,
952 484 1081 547 quod
1100 501 1230 548 saepe
1248 485 1395 547 petivi
1412 505 1423 541 ;
1438 495 1533 544 ‘259

222 553 440 612 Accipio,
466 569 774 615 agnoscoque
797 554 944 598 Deos.
981 554 1081 608 Me,
1109 569 1184 598 me
1209 552 1333 598 duce
1360 553 1534 601 ferrum

223 619 475 681 Corripite,
503 636 531 665 ο
554 619 723 675 miseri,
750 636 871 681 quos
895 619 1142 681 improbus
1163 618 1349 665 advena
1375 621 1501 667 bello

220 685 448 742 Territat,
473 685 704 732 invalidas
727 695 777 731 ut
803 703 915 733 aves
935 706 947 742 ;
994 695 1042 733 et
1064 686 1226 732 littora
1248 695 1404 732 vestra

219 752 280 799 Vi
298 755 515 815 populat.
534 753 668 799 Petet
689 753 768 798 ille
785 753 965 816 fugam,
990 754 1273 814 penitusque
1290 751 1531 816 profundo

219 820 336 865 Vela
363 820 518 866 dabit.
591 821 690 865 Vos
710 820 916 866 unanimi
941 820 1138 866 densate
1166 829 1400 877 catervas,

219 887 281 932 Et
297 904 455 939 renem
483 885 616 932 vobis
644 886 802 948 pugna
822 885 1066 932 defendite
1087 896 1294 948 raptum.

220 954 372 1009 Dixit,
399 962 446 999 et
466 952 691 999 adversos
718 953 861 999 telum
889 953 1122 999 contorsit
1146 953 1190 997 in
1219 953 1380 999 hostes

219 1019 508 1066 Procurrens
531 1019 764 1066 :sonitum
789 1020 870 1066 dat
894 1019 1092 1066 stridula
1115 1035 1306 1074 cornus,
1328 1028 1374 1065 et
1391 1035 1530 1066 auras

220 1086 363 1133 Certa
382 1095 529 1134 secat.
569 1087 720 1133 Simul
746 1087 836 1132 hoc
855 1124 868 1142 ,
909 1087 1049 1133 simul
1068 1087 1232 1148 ingens
1259 1086 1458 1143 clamor,
1483 1096 1532 1134 et

355 1169 517 1200 omnes

216 1219 420 1266 Turbati
437 1220 592 1277 cunei,
613 1219 948 1282 calefactaque
974 1219 1120 1267 corda
1148 1220 1376 1267 tumultu.
1434 1217 1529 1276 ‘269

219 1287 371 1333 Hasta
392 1287 762 1342 volans,utforte
781 1303 951 1332 novem
977 1287 1304 1350 pulcherrima
1328 1287 1527 1333 fratrum

218 1354 434 1414 Corpora
460 1354 770 1401 constiterant
787 1353 973 1410 contra,
1002 1370 1120 1415 quos
1142 1353 1239 1400 fida
1264 1355 1449 1401 crearat

217 1420 326 1467 Una
348 1428 422 1467 tot
440 1422 649 1467 Arcadio
672 1422 851 1483 conjux
871 1421 1121 1482 Tyrrhena
1146 1421 1391 1483 Gylippo;

216 1487 401 1533 Horum
429 1503 570 1534 unum
593 1488 651 1534 ad
680 1488 904 1543 medium,
925 1488 1090 1534 teritur
1115 1486 1212 1550 qua
1239 1489 1392 1534 sutilis
1414 1488 1526 1536 alvo

217 1554 425 1606 Balteus,
451 1565 496 1601 et
525 1557 722 1601 laterum
741 1555 996 1615 juncturas
1024 1553 1170 1601 fibula
1199 1554 1402 1612 mordet,

158 1643 169 1655 ·
216 1621 471 1682 Egregium
498 1622 647 1668 forma
665 1624 895 1685 juvenem
924 1629 969 1666 et
989 1621 1282 1682 fulgentibus
1307 1622 1469 1680 armis,

213 1686 518 1750 Trausadigit
541 1698 714 1746 costas,
748 1688 978 1750 fulvaque
1004 1688 1206 1735 effundit
1231 1689 1387 1735 arena.

215 1756 279 1800 At
307 1754 490 1810 fratres,
516 1757 728 1802 animosa
751 1756 981 1818 phalanx,
1006 1771 1304 1817 accensaque
1331 1756 1486 1812 luctu,

213 1821 328 1867 Pars
340 1822 522 1881 gladios
536 1824 765 1883 stringunt
783 1822 1016 1878 inanibuS,
1030 1838 1142 1883 pars
1161 1822 1335 1868 missile
1348 1822 1521 1869 ferrum

216 1888 514 1950 Corripiunt,
542 1904 759 1951 caecique
788 1897 957 1935 ruunt:
998 1905 1120 1950 quos
1141 1889 1325 1950 agmina
1354 1898 1522 1937 contra

213 1955 508 2002 Procurrunt
532 1955 847 2011 Laurentum;
890 1956 1000 2001 liinc
1026 1955 1160 2002 densi
1185 1972 1345 2002 rursus
1386 1956 1526 2002 iuun-

346 2021 464 2068 dant
1423 2030 1522 2073 280

213 2088 385 2146 Τιόἐὲε,
408 2089 728 2151 Agyllinique,
748 2098 796 2136 et
817 2089 959 2152 pictis
980 2088 1191 2135 Arcades
1216 2088 1372 2136 armis.

219 2185 222 2190 ·
279 2156 358 2202 Sic
383 2173 549 2202 ornnes
591 2174 724 2204 amor
750 2174 870 2203 unus
897 2158 1042 2204 habet
1065 2156 1319 2203 decernere
1345 2156 1487 2206 ferro-

215 2222 467 2286 Diripuere
494 2241 624 2271 aras:
662 2224 698 2271 it
724 2233 827 2270 toto
854 2225 1042 2270 turbida
1067 2224 1188 2269 coelo

211 2289 500 2352 Tempestas
521 2293 739 2347 telorum,
764 2308 819 2338 ac
847 2292 1020 2337 femus
1041 2290 1216 2352 ingruit
1233 2289 1412 2348 imber;

213 2356 527 2420 Craterasque
547 2357 781 2420 focosque
808 2359 977 2406 ferunt.
1017 2358 1155 2419 Fugit
1181 2358 1281 2419 ipse
1307 2357 1517 2418 Latium,

214 2423 437 2470 Pulsatos
461 2426 663 2472 referens
691 2426 870 2472 infecto
888 2426 1059 2472 foedere
1086 2425 1255 2471 Divos.

214 2490 475 2539 lnsraenant
499 2493 576 2540 alii
599 2509 783 2552 currus,
806 2501 888 2541 aut
913 2508 1117 2556 corpora
1146 2491 1268 2539 saltu
