1607 2700
568 126 830 161 amnicos
862 126 968 160 Lis.
1009 125 1082 160 iv.
1381 116 1470 166 175

171 247 280 307 Ipsa
305 247 448 292 haeret
469 245 698 307 scopulis;
735 255 779 291 et
805 244 1038 307 quantuni
1062 244 1234 291 vertice
1254 244 1312 290 ad
1335 260 1470 291 auras

171 313 420 368 AEtlieria5‚
448 312 628 358 tantum
655 311 814 358 radice
840 312 888 358 in
911 312 1110 357 Tartara
1136 310 1306 357 tendit.

171 378 311 424 Haud
329 393 464 423 secus
485 377 685 424 assiduis
704 378 814 424 hinc
831 389 971 438 atque
992 377 1100 422 hinc
1118 377 1315 422 vocibus
1338 377 1472 422 heros

168 443 423 498 Tunditur,
449 451 498 490 et
521 460 690 505 magno
717 444 947 506 persentit
972 450 1169 504 pectore
1194 458 1357 488 curas:

169 510 313 555 Mens
334 509 527 556 immota
552 520 708 557 manet
729 528 739 563 ;
779 510 1002 572 lacrymae
1027 508 1277 554 volvuntur
1297 508 1472 554 inanes.

233 577 362 621 Tum
386 574 500 621 vero
527 575 684 622 infelix
704 577 815 622 fatis
834 575 1058 624 exterrita
1087 574 1212 621 Dido
1380 581 1474 621 450

169 644 378 688 Mortem
403 650 534 697 orat;
573 643 717 689 taedet
741 642 850 689 coeli
875 657 1087 688 convexa
1107 640 1242 686 tueri.

170 706 283 762 Quo
304 705 454 771 magis
472 708 719 771 inceptum
733 717 942 772 peragat,
966 706 1472 768 lucemqnerelinquat,

168 775 315 830 Vidit,
343 773 641 821 thuricremis
667 776 774 822 cum
801 775 928 820 dona
953 775 1216 836 imponeret
1241 773 1345 827 aris,

168 840 473 888 Horrendum
499 839 648 896 dictu,
677 842 839 888 latices
862 841 1120 901 nigrescere
1148 855 1321 895 sacros,

170 908 390 970 Fusaque
415 906 462 952 in
487 906 767 954 obscoenum
794 925 842 953 se
867 916 1046 953 vertere
1072 906 1178 951 vina
1205 921 1440 951 cruorem.

168 974 276 1019 Hoc
300 974 454 1020 visum
475 973 611 1029 nulli,
638 990 731 1020 non
757 973 847 1036 ipsi
868 972 1006 1018 effata
1027 971 1190 1017 sorori.

166 1039 403 1087 Praeterea
430 1039 520 1085 fuit
542 1038 587 1085 in
613 1040 752 1087 tectis
778 1040 839 1086 de
865 1055 1095 1085 marmore
1116 1036 1344 1097 templum

167 1105 397 1167 Conjugis
423 1105 628 1167 antiqui,
655 1107 774 1153 miro
798 1105 927 1168 quod
956 1108 1132 1150 honore
1159 1103 1365 1159 colebat,

166 1172 434 1219 Velleribus
458 1171 608 1219 niveis
633 1180 681 1219 et
703 1172 830 1220 festa
855 1171 1020 1218 fronde
1045 1170 1342 1217 revinctum:

167 1238 293 1285 Hinc
318 1238 530 1285 exaudiri
554 1256 698 1286 voces
722 1248 769 1286 et
794 1238 941 1285 verba
967 1237 1180 1284 vocantis
1381 1235 1477 1282 460

164 1305 276 1351 Visa
301 1305 402 1362 viri,
428 1321 524 1351 nox
550 1305 658 1352 cum
685 1314 838 1353 terras
862 1305 1068 1350 obscura
1095 1312 1274 1350 teneret
1296 1321 1309 1360 ;

165 1370 375 1434 Solaque
401 1371 687 1418 culminibus
712 1371 841 1418 ferali
867 1371 1074 1416 carmine
1101 1369 1232 1415 bubo

165 1438 306 1500 Saepe
332 1438 483 1499 queri,
510 1446 558 1485 et
581 1439 746 1499 longas
768 1438 814 1484 in
839 1438 1004 1491 fletum
1031 1436 1207 1482 ducere
1226 1451 1389 1482 voceS.

164 1504 417 1566 Multaque
436 1513 666 1566 praeterea
689 1513 847 1550 vatum
874 1502 1107 1565 praedicta
1127 1501 1315 1563 piorum

162 1570 387 1617 Terribili
414 1571 595 1617 monitu
621 1569 914 1617 horrificant.
978 1569 1091 1630 Agit
1115 1568 1216 1628 ipse
1240 1567 1476 1615 furentem

164 1636 218 1682 ln
244 1637 421 1683 somnis
447 1637 574 1684 serus
599 1638 799 1693 AEnea53
840 1652 1121 1697 semperque
1147 1634 1348 1697 relinqui

162 1702 272 1749 Sola
297 1702 403 1760 sibi,
431 1719 615 1765 semper
639 1704 825 1765 longam
852 1703 1129 1749 incomitata
1152 1701 1341 1748 videtur

162 1770 236 1815 Ire
262 1769 403 1826 viam,
429 1777 477 1816 et
498 1769 666 1833 Tyrios
690 1770 872 1817 desert&
899 1784 1106 1831 quaerere
1130 1768 1273 1815 terra.

165 1836 483 1883 Eumenidum
503 1837 645 1883 veluti
659 1836 856 1883 demens
874 1835 1008 1882 videt
1025 1834 1477 1896 agminaPentbeus,

165 1902 229 1949 Et
251 1902 402 1949 solem
423 1903 679 1964 geminum,
706 1912 754 1952 et
773 1902 991 1965 duplices
1013 1918 1061 1948 se
1082 1901 1329 1947 ostendere
1353 1901 1481 1945 Tlie-

301 1969 413 2015 bas:
1384 1973 1481 2019 470

167 2038 269 2081 Aut
293 2034 695 2096 Agamemnonius
722 2034 875 2080 scenis
901 2033 1105 2096 agitatus
1132 2032 1347 2089 Orestes,

168 2103 416 2148 Armatam
442 2102 628 2148 facibus
655 2109 849 2149 matrem
875 2109 923 2147 et
947 2100 1243 2162 serpentibus
1269 2099 1382 2146 atris

171 2167 294 2213 Cum
314 2167 452 2230 fugit,
480 2168 766 2229 ultricesque
787 2166 953 2215 sedent
974 2167 1017 2212 in
1038 2165 1195 2212 limine
1220 2165 1364 2212 Dirae.

237 2234 360 2295 Ergo
386 2233 468 2281 ubi
493 2234 716 2296 concepit
738 2233 897 2285 Furias
920 2233 1072 2279 evicta
1095 2232 1275 2288 dolore,

171 2299 491 2362 Decrevitque
511 2301 648 2354 mori;
684 2308 873 2361 tempus
887 2316 1054 2349 secum
1074 2298 1177 2360 ipsa
1195 2297 1482 2360 modumque

172 2365 344 2427 Exigit,
366 2376 430 2423 et,
457 2374 665 2413 moestam
693 2365 832 2413 dictis
853 2382 1071 2428 aggressa
1093 2380 1318 2418 sororem,

170 2431 432 2478 Consilium
456 2432 590 2480 vultu
609 2431 740 2493 tegit,
763 2448 820 2478 ac
845 2448 975 2494 spem
997 2430 1149 2478 fronte
1175 2438 1358 2477 serenat
1379 2444 1394 2478 ι

172 2496 353 2556 Inveni,
379 2513 617 2560 germana,
644 2498 788 2555 viam,
815 2507 999 2562 gratare
1025 2497 1191 2552 sorori,
