1614 2694
169 96 234 149 34
507 104 559 139 Ρ.
585 104 841 141 vmctut
884 105 1149 140 MARoms

169 199 415 256 Castorea,
443 200 658 249 Eliadum
681 203 868 264 palmas
895 202 1066 264 Epirus
1085 204 1352 265 equarum?

169 266 412 313 Continub
439 267 524 314 has
549 269 678 329 leges
699 278 968 330 aeternaque
995 268 1177 316 foedera
1203 271 1343 316 certis
1414 269 1480 317 50

167 332 405 394 Imposuit
429 344 596 381 natura
622 336 754 390 locis,
777 352 874 397 quo
899 345 1116 396 tempore
1142 335 1344 395 primam

168 398 432 446 Deucalion
459 417 657 447 vacuum
683 402 866 464 lapides
883 400 1094 461 jactavit
1119 402 1164 447 in
1189 405 1378 450 orbem:

166 464 307 511 Unde
349 468 561 514 homines
602 468 713 524 nati,
754 469 922 514 durum
964 484 1128 528 genus,
1207 470 1335 532 Ergb
1375 488 1462 530 age

308 541 442 580 terrae

166 598 346 662 Pingue
372 602 526 647 solnm
555 601 718 661 primis
752 600 993 658 extempl&
1020 617 1044 646 a
1071 604 1312 650 mensibus
1337 603 1447 650 anni

166 666 331 712 Fortes
357 667 592 713 invertant
618 667 763 713 tauri:
810 668 1073 728 glebasque
1092 668 1312 727 jacentes

164 731 501 780 Pulvernlenta
526 743 704 795 coquat
730 733 923 779 maturis
955 734 1133 780 solibus
1160 746 1320 783 aestas.

164 799 230 843 At
251 800 285 844 si
312 817 402 845 nou
429 800 567 846 fuerit
588 801 726 846 tellus
747 800 983 854 foecunda,
1013 802 1101 846 snb
1126 802 1280 861 ipsum

163 867 419 912 Arcturum
447 867 574 913 tenui
602 876 673 913 sat
699 867 781 913 erit
811 866 1104 928 suspendere
1125 871 1289 916 sulco:

166 931 268 978 lllie
293 932 505 979 officiant
532 934 649 979 laeiis
675 950 732 980 ne
756 932 974 993 frugibus
1004 935 1187 988 lierbae;

165 998 276 1054 Hic,
290 1001 490 1047 sterilem
504 1000 705 1061 exiguus
727 1017 783 1045 ne
803 1000 986 1046 deserat
1005 1001 1175 1047 humor
1189 1018 1396 1049 arenam.
1416 1009 1480 1056 70

163 1065 371 1112 Alternis
398 1067 520 1113 idem
549 1076 707 1113 tonsas
727 1082 909 1112 cessare
935 1068 1146 1122 novales,

163 1131 224 1178 Et
246 1149 436 1188 segnem
464 1133 640 1195 patiere
667 1134 760 1180 situ
786 1132 1038 1179 durescere
1062 1150 1307 1196 campum.

165 1200 264 1245 Aut
284 1199 348 1245 ibi
373 1199 495 1246 flava
521 1217 665 1257 seres,
689 1208 873 1246 mutato
901 1200 1069 1255 sidere,
1094 1200 1234 1257 farra,

163 1265 304 1312 Unde
330 1267 460 1328 prins
486 1267 647 1313 laetum
674 1267 843 1328 siliqua
871 1276 1125 1328 quassante
1153 1269 1387 1328 legumen,

166 1334 261 1378 Ant
287 1341 452 1380 tenues
477 1333 615 1380 foetus
642 1334 794 1388 viciae,
818 1333 1061 1394 tristisque
1085 1334 1237 1395 lupini

165 1398 423 1447 Sustuleris
445 1399 633 1462 fragiles
660 1400 883 1452 calamos,
911 1399 1171 1462 silvamque
1207 1406 1477 1447 sonantem.

165 1465 275 1512 Urit
299 1467 424 1514 enim
450 1467 535 1512 lini
563 1483 786 1529 campum
814 1483 957 1527 seges,
991 1467 1083 1513 urit
1109 1483 1297 1512 avenae:

165 1533 322 1579 Urunt
344 1534 542 1580 Lethaeo
569 1533 759 1595 perfusa
785 1548 1024 1594 papavera
1050 1549 1234 1579 somno.

165 1598 259 1646 Sed
284 1607 440 1647 tamen
466 1599 658 1646 alternis
685 1599 838 1645 facilis
863 1599 1023 1646 labor:
1067 1599 1200 1645 arida
1224 1599 1410 1646 tantam

165 1666 242 1712 Ne
267 1675 484 1713 saturare
508 1665 622 1712 fimo
648 1666 809 1727 pingui
836 1665 1016 1727 pudeat
1042 1666 1160 1719 sola;
1212 1683 1327 1712 neve
1417 1673 1479 1721 80

167 1732 368 1779 Effoetos
394 1734 594 1780 cinerem
621 1732 1112 1793 immumlnmjactare
1138 1748 1221 1793 per
1245 1749 1401 1791 agros.

166 1799 245 1844 Sic
270 1816 461 1862 qnoque
488 1801 680 1845 mutatis
707 1801 1012 1861 requiescunt
1039 1799 1227 1844 foetibus
1254 1816 1388 1853 κη’-4η

166 1866 268 1912 Nec
293 1867 418 1913 nulla
441 1867 619 1912 interea
638 1875 704 1912 est
733 1867 924 1912 inaratae
952 1866 1098 1927 gratia
1123 1875 1275 1911 terrae.

165 1932 302 1995 Saepe
329 1934 467 1979 etiam
491 1933 669 1980 steriles
693 1932 944 1978 incendere
963 1932 1135 1993 profuit
1165 1948 1321 1992 agros,
1348 1933 1475 1994 [mis.

164 2002 327 2061 Atque
353 2000 505 2046 levem
529 2000 754 2060 stipulam
802 1999 1141 2060 crepitantibus·
1183 2015 1312 2044 urere
1351 1998 1480 2043 fiam-

165 2065 272 2112 Sive
297 2066 407 2113 inde
427 2067 635 2113 occultas
662 2067 781 2112 vires
808 2076 853 2112 et
881 2066 1057 2128 pabula
1079 2074 1213 2111 terrae

165 2131 365 2194 Pinguia
390 2134 696 2196 concipiuut3
753 2133 847 2178 sive
873 2134 959 2178 illis
987 2147 1125 2177 omne
1153 2147 1236 2193 per
1255 2131 1409 2189 ignem

164 2198 464 2260 Excoquitur
489 2200 668 2255 vitium,
696 2208 843 2261 atq-ue
865 2198 1041 2244 exudat
1076 2198 1250 2244 inutilis
1280 2197 1479 2249 humum

164 2266 255 2310 Seu
278 2266 434 2326 plures
460 2266 589 2312 calor
610 2267 685 2312 ille
708 2269 823 2316 vias,
848 2275 894 2311 et
920 2280 1048 2310 caeca
1072 2265 1255 2310 relaxat

163 2331 482 2393 Spitamenta,
502 2348 647 2378 novas
661 2336 816 2383 veniat
835 2330 932 2395 qua
951 2331 1182 2377 succusin
1197 2327 1390 2384 lierbas;
1417 2335 1483 2387 90

164 2398 261 2444 Seu
285 2398 426 2446 durat
451 2400 617 2461 magis,
645 2407 692 2444 et
717 2415 860 2444 venas
886 2397 1102 2460 astringit
1128 2398 1311 2444 hiantes
1334 2413 1346 2449 ;

164 2464 240 2515 Ne
263 2473 424 2511 tenues
449 2466 644 2529 pluviae,
670 2465 882 2527 rapidive
909 2464 1125 2526 potentia
1150 2465 1259 2510 solis

165 2527 349 2589 Acrior,
374 2539 456 2578 aut
484 2533 647 2579 Boreae
670 2531 966 2594 penetrabile
991 2530 1136 2594 frigus
1161 2530 1351 2579 adurat.

1471 509 1484 527 2
