1614 2694
123 77 189 119 30
458 84 508 120 Ρ.
545 82 796 118 vrnmmr
839 83 1104 117 MAnoms

123 179 313 240 Perque
337 176 467 225 nives
492 176 655 233 alium,
681 192 863 240 perque
884 176 1073 223 horrida
1098 184 1251 223 castra
1270 184 1433 226 secuta

122 245 267 292 Venit
289 252 338 292 et
362 245 534 304 agresti
548 243 720 306 capitis
746 243 962 289 Silvanus
988 243 1184 299 honore,
1322 245 1430 307 [est.

122 311 366 358 Florentes
388 310 559 357 ferulas
584 319 631 356 et
655 308 851 370 grandia
870 309 967 355 lilia
993 325 1239 370 quassans,

119 376 222 424 Pan
250 379 382 424 Deus
407 377 626 424 Arcadiae
649 376 794 432 venit,
822 392 964 437 quern
984 375 1188 421 vidimus
1209 375 1299 437 ipsi

121 444 398 506 Sanguineis
424 444 552 490 ebuli
582 443 740 488 baccis
764 442 1003 502 minioque
1027 443 1297 488 rubentem.

119 511 304 573 Ecquis
327 511 414 558 crit
441 510 609 555 modus
627 510 642 553 ἶ
662 509 846 570 iuquit:
874 524 1004 552 annor
1024 524 1115 552 non
1144 510 1257 554 talia
1282 516 1431 555 curat.

121 575 227 624 Nec
253 576 479 640 lacrymis
507 575 711 621 crudelis
738 590 886 629 amor,
914 590 1001 620 nce
1029 575 1237 634 gramina
1265 576 1389 630 rivis,

119 643 224 691 Nec
242 644 396 706 cytiso
417 650 691 689 saturantur
703 657 833 701 apes,
855 656 940 686 nec
954 639 1121 684 fronde
1136 641 1348 700 capellae.
1370 647 1432 689 30

119 709 290 757 Tristis
308 719 355 756 at
373 710 475 755 ille:
502 709 684 754 Tamen
706 706 978 762 cantabitis,
1003 706 1234 761 Arcades,
1260 707 1430 767 inquit,

121 777 372 824 &Iontibus
402 777 503 822 haec
531 776 712 829 vestris,
742 773 830 819 soli
859 783 1050 818 cantare
1075 772 1212 833 periti

119 843 351 890 Arcades,
373 843 416 889 O
433 841 543 887 mihi
557 851 655 888 tum
670 839 812 902 quam
830 839 1032 885 molssiter
1045 854 1153 884 ossa
1168 839 1431 900 quiescant,

117 909 292 956 Vestra
319 926 452 955 meos
472 909 582 954 olim
607 907 645 953 si
673 907 835 953 fistula
859 905 989 952 dicat
1015 921 1198 951 amores
1222 906 1232 951 !

119 982 282 1037 Atque
307 976 486 1021 utinam
512 992 567 1020 ex
597 974 728 1019 vobis
756 989 894 1028 unus,
922 972 1162 1034 vestrique
1188 972 1383 1017 fuissem

120 1045 221 1089 Aut
247 1052 408 1090 custos
431 1041 602 1103 gregis,
630 1049 714 1086 ant
740 1049 939 1085 maturae
964 1039 1137 1084 vinitor
1162 1055 1265 1084 uvae
1287 1039 1297 1085 Ξ

119 1108 261 1157 Certe
288 1109 386 1156 sive
413 1108 531 1153 milii
552 1107 744 1170 Phyllis,
768 1106 865 1151 sive
885 1115 1007 1151 esset
1027 1108 1282 1168 Amyntas,

120 1176 215 1222 Seu
229 1176 520 1237 quicumque
532 1172 807 1234 suror<qiiid
822 1183 938 1228 tum,
954 1173 990 1218 si
1004 1171 1434 1236 fuscusAmyutas'!

120 1242 185 1289 Et
207 1243 352 1304 nigrae
379 1242 513 1287 violae
539 1251 664 1297 sunt,
692 1250 739 1286 ct
764 1239 981 1285 vaccinia
1002 1239 1167 1297 nigra),

120 1309 317 1355 Mecum
343 1309 465 1355 inter
488 1308 650 1354 salices
672 1308 800 1353 lenta
827 1306 916 1351 sub
943 1305 1251 1364 x⁷itejace1·et.
1369 1312 1433 1353 40

121 1376 256 1422 Serta
282 1376 399 1421 mihi
428 1375 606 1437 Phyllis
632 1373 825 1433 legeret,
851 1381 1066 1418 cantaret
1092 1374 1347 1436 Amyntas.

119 1442 214 1488 Hic
236 1442 377 1502 gelidi
400 1441 572 1496 fontes,
599 1440 676 1486 hic
702 1440 862 1486 mollia
886 1447 1038 1501 prata,
1079 1438 1276 1500 Lycori;

120 1509 214 1555 Hic
240 1525 423 1564 nemus,
451 1509 527 1554 hic
550 1507 655 1568 ipso
683 1515 844 1553 tecum
865 1521 1169 1552 consumerer
1194 1521 1315 1551 aevo.

119 1575 264 1622 Nunc
290 1576 480 1621 insanus
505 1589 640 1619 amor
664 1572 772 1618 duri
798 1588 867 1618 me
896 1572 1062 1617 Martis
1087 1571 1129 1616 iu
1155 1572 1297 1616 armis

119 1641 242 1688 Tela
267 1641 388 1688 inter
408 1640 564 1687 inedia
587 1647 731 1701 atque
752 1638 974 1685 adversos
993 1638 1175 1684 detinet
1200 1637 1375 1685 hostes.

119 1709 196 1755 Tu
219 1708 390 1771 procul
414 1725 444 1754 a
461 1706 617 1769 patria
636 1710 743 1764 (nec
769 1704 830 1751 sit
854 1704 967 1750 mihi
988 1708 1181 1751 credere
1200 1705 1382 1751 tantum
1397 1705 1432 1763 l)

119 1775 337 1837 Alpinas,
359 1775 419 1821 ah
436 1774 571 1828 dura,
598 1772 750 1828 nives,
775 1780 822 1818 et
849 1771 1022 1833 frigora
1047 1770 1198 1817 Rheni

121 1842 204 1888 Me
229 1843 329 1890 siue
354 1841 453 1888 sola
481 1840 630 1886 vides.
700 1839 775 1885 Ab
802 1847 848 1885 te
875 1853 930 1883 ne
956 1837 1132 1900 frigora
1156 1836 1361 1885 laedant!

120 1908 197 1954 Ah
225 1908 311 1954 tibi
337 1923 394 1955 ne
419 1915 602 1953 teneras
628 1905 800 1968 glacies
821 1912 948 1952 secet
971 1920 1136 1968 aspera
1155 1904 1363 1966 plantas.

121 1975 227 2029 Ibo,
246 1983 294 2021 et
310 1972 594 2023 Chalcidico
614 1987 722 2034 quae
743 1979 856 2019 sunt
873 1970 984 2017 mihi
1001 1969 1192 2018 condita
1207 1987 1346 2018 versu
1369 1978 1431 2020 50

121 2042 347 2088 Carmina
369 2041 578 2104 pastoris
602 2038 750 2086 Siculi
777 2037 1061 2085 modulabor
1077 2036 1243 2084 avena.

121 2110 321 2155 Certum
340 2115 415 2155 est
438 2108 485 2153 in
513 2106 664 2166 silvis,
690 2106 811 2152 inter
835 2105 1014 2169 spelaea
1039 2104 1261 2160 ferarum,

120 2174 268 2221 Malle
294 2174 411 2236 pati,
439 2175 712 2235 tenerisque
737 2189 867 2219 meos
887 2171 1093 2219 incidere
1115 2186 1297 2216 amores

121 2242 417 2288 Arboribus:
455 2248 672 2287 crescent
696 2239 803 2294 illae,
831 2239 1053 2285 crescetis
1078 2253 1271 2283 amores.

120 2309 307 2354 Interea
335 2307 497 2354 mixtis
525 2307 740 2353 lustrabo
768 2305 977 2353 Mac-nala
1002 2304 1257 2368 Nymphis,

118 2376 220 2421 Aut
241 2390 374 2421 acres
398 2376 609 2421 venabor
633 2389 805 2435 apros:
844 2389 936 2420 non
964 2388 1037 2418 me
1062 2371 1155 2417 ulla
1182 2370 1411 2417 vetabunt

121 2441 312 2504 Frigora
333 2441 610 2488 Parthenios
635 2440 835 2487 canibus
860 2438 1153 2486 circumdare
1176 2437 1342 2483 saltus.

120 2509 227 2554 Jam
251 2507 362 2554 mihi
389 2523 472 2568 per
498 2524 636 2591 rupes
667 2507 826 2555 videor
849 2506 1076 2568 lucosque
1103 2514 1322 2551 sonantes
