1607 2700
179 39 273 88 :⁵6
522 53 571 86 P.
610 50 864 86 v1RG1L11
905 48 1171 84 MARoms

170 173 295 219 Tum
322 180 458 234 pater
485 172 718 218 Anchises
745 162 963 231 inagnum
991 179 1175 217 cratera
1202 167 1379 214 corona

171 239 352 294 Induit,
381 239 695 300 implevitque
721 253 869 293 mero,
910 235 1158 300 Divosque
1176 236 1386 291 vocasti,

168 305 312 351 Stans
338 305 465 351 celsa
491 305 535 352 in
562 305 744 368 puppi:

169 371 251 426 Di,
281 372 419 417 maris
443 380 493 419 et
517 381 656 418 terrae
681 377 1121 431 tempestatumque
1145 377 1385 431 potentes,

169 437 305 483 Ferte
326 438 446 484 viam
473 446 616 484 vento
641 437 846 491 facilem,
875 444 922 481 et
948 435 1122 497 spirate
1149 434 1362 480 secundi.
1392 440 1486 490 5¹29

233 505 552 551 Crebrescunt
578 511 756 565 optatae
780 517 924 558 aurae,
953 511 1212 562 portusque
1238 503 1444 562 patescit

163 570 270 616 Jam
298 570 508 632 propior,
538 571 867 632 templumque
893 568 1158 630 apparetin
1180 584 1289 614 arce
1309 569 1486 613 Miner-

165 637 283 682 Vela
299 638 458 698 legunt
477 637 610 691 socii,
625 645 672 682 et
684 652 847 699 proras
863 635 924 681 ad
945 636 1105 679 littora
1118 643 1359 695 torquent.
1374 636 1485 697 [vae.

165 703 339 749 Portus
365 704 426 750 ab
453 704 610 748 Euroo
636 702 788 748 fluctu
814 709 1037 748 curvatus
1063 700 1108 745 in
1135 717 1326 756 arcum;

162 770 389 830 Objectae
413 769 542 815 salsa·
559 777 783 830 spumant
808 767 1057 831 aspergine
1084 775 1249 813 cautes
1271 784 1282 821 ;

165 835 275 897 lpse
301 836 444 883 latet:
493 837 682 896 gemino
709 835 968 882 demittunt
994 834 1190 879 brachia
1216 850 1351 879 muro

160 901 341 948 Turriti
368 903 569 964 scopuli,
598 902 867 965 refugitque
892 918 920 948 a
943 901 1102 947 littore
1129 900 1374 961 templum.

159 969 383 1023 Quatuor
400 969 494 1027 hic,
515 969 716 1031 primurn
735 985 892 1025 omen,
911 983 1061 1029 equos
1087 967 1133 1011 in
1154 966 1362 1028 gramine.
1390 966 1483 1012 vidi

159 1035 446 1082 Tondentes
472 1052 695 1098 campum
722 1036 833 1093 late,
863 1036 1071 1081 candore
1093 1033 1245 1079 nivali.

162 1102 225 1147 Et
237 1111 373 1164 pater
386 1103 646 1149 Anchises:
676 1103 880 1159 Bellum,
901 1118 928 1147 o
943 1111 1065 1147 terra
1078 1100 1481 1163 hospita,portas.

161 1168 296 1215 Bello
322 1178 562 1215 armantur
586 1170 728 1231 equi:
768 1169 946 1216 bellum
986 1172 1091 1214 haec
1138 1176 1354 1212 armenta
1401 1167 1483 1211 ini-

294 1244 477 1282 nantur.
1386 1241 1483 1281 540

160 1301 255 1348 Sed
283 1310 440 1348 tamen
464 1301 590 1348 idem
618 1301 728 1347 olim
755 1317 892 1348 curru
920 1299 1181 1347 succedere
1208 1300 1327 1345 sueti

160 1368 533 1432 Quadrupedes,
561 1377 606 1414 et
635 1368 783 1414 fraena
800 1368 921 1429 jugo
947 1367 1209 1413 concordia
1233 1366 1378 1418 ferre;

159 1435 278 1496 Spes
298 1444 370 1481 est
390 1435 542 1498 pacis,
566 1435 646 1481 ait.
685 1435 812 1481 Tuin
834 1434 1026 1480 numina
1048 1441 1212 1479 sancta
1228 1449 1481 1495 precamur

159 1502 363 1548 Palladis
389 1502 654 1559 armisonae,
684 1518 792 1562 qui-e
819 1502 967 1562 prima
991 1500 1182 1561 accepit
1207 1509 1402 1546 ovantes
1426 1520 1437 1555 ;

157 1569 217 1614 Et
242 1569 401 1630 capita
425 1576 535 1615 ante
556 1584 659 1613 aras
684 1568 890 1629 Phrygio
911 1568 1121 1612 velamur
1146 1567 1353 1622 amictu3

156 1634 522 1696 Praeceptisque
550 1634 736 1689 Heleni,
766 1634 968 1680 dederat
991 1650 1099 1694 quae
1127 1635 1345 1690 maxima,
1388 1633 1475 1680 rite

153 1702 331 1747 Junoni
355 1702 543 1764 Argivae
561 1701 723 1774 jussos
748 1700 998 1746 adolemus
1025 1701 1245 1745 honores.

227 1767 370 1814 Haud
397 1784 543 1824 mora,
572 1766 804 1813 continuo
832 1766 1052 1829 perfectis
1079 1766 1245 1813 ordine
1273 1767 1407 1823 votis,

155 1834 346 1882 Cornua
370 1835 628 1882 velatarum
653 1833 944 1880 obvertimus
968 1842 1299 1890 antennarum,
1328 1835 1477 1896 [arva.

155 1902 587 1964 Graiugenumque
613 1902 799 1956 domos,
827 1910 1148 1975 suspectaque
1184 1901 1441 1962 linquimus

222 1970 347 2014 Hinc
374 1969 502 2014 sinus
529 1968 772 2024 Herculei,
808 1967 846 2013 si
874 1983 977 2013 vera
1002 1976 1074 2013 est
1110 1967 1248 2023 fama,
1278 1968 1472 2014 'latenti

155 2036 395 2081 Cernitur.
469 2035 662 2082 Attollit
688 2051 735 2080 se
762 2035 884 2079 Diva
910 2034 1106 2080 Lacinia
1133 2033 1315 2090 contra,
1379 2041 1472 2081 552

154 2101 479 2162 Caulonisque
514 2118 664 2159 arces,
694 2109 741 2148 et
766 2100 1060 2163 navifragum
1088 2100 1404 2162 Scylacaeum.

151 2167 280 2214 Tum
310 2170 475 2228 procul
496 2185 521 2214 e
548 2167 699 2214 fluctu
726 2168 976 2214 Trinacria
1001 2168 1210 2214 cernitur
1233 2169 1371 2214 AEtna
1392 2187 1402 2224 ;

152 2234 211 2281 Et
237 2235 463 2298 gemitum
491 2235 726 2297 ingentem
754 2235 925 2296 pelagi,
953 2234 1232 2296 pulsataque
1260 2251 1374 2281 saxa

153 2300 392 2348 Audimus
419 2301 574 2362 longe,
603 2301 875 2364 fractasque
900 2301 960 2357 ad
986 2301 1144 2347 littora
1167 2317 1339 2354 voces;

155 2367 479 2428 Exultantque
504 2367 640 2425 vada,
668 2376 815 2429 atque
840 2377 958 2414 aestu
981 2368 1234 2415 miscentur
1258 2384 1426 2416 arenae.

152 2434 215 2480 Et
233 2442 368 2496 pater
394 2433 647 2482 Anchises:
686 2435 921 2482 Nimirum
950 2435 1052 2481 haec
1073 2435 1151 2481 illa
1178 2435 1467 2498 Charybdim
