1607 2700
528 71 790 104 AENsslnos
839 73 942 103 [ΑΒ.
981 73 1052 104 v1.
1353 67 1444 114 <2¹25

139 192 386 239 seclusum
412 207 594 246 nemus,
621 198 671 236 et
697 190 899 250 virgulta
925 192 1143 238 sonantia
1169 191 1314 244 silvis,

138 258 499 318 Lethaeumque,
522 257 694 303 domos
721 257 935 318 placidas
961 259 1043 318 qui
1070 268 1321 319 praenatat,
1349 275 1444 304 am-

272 339 399 370 nem.
1281 326 1416 387 [bant
1435 361 1447 380 ,

138 391 282 436 Hunc
320 388 502 436 circum
539 389 797 436 innumerae
833 399 997 452 gentes
1037 391 1297 452 populique
1322 393 1431 437 vola

137 459 211 502 Ac
237 457 378 503 veluti
405 456 449 501 in
478 457 645 517 pratis,
674 458 756 503 ubi
782 474 896 519 apes
926 466 1091 503 aestate
1118 460 1283 502 serena

136 522 358 569 Floribus
384 523 599 569 insidunt
626 525 780 575 variis,
806 534 851 570 et
878 523 1084 570 candida
1111 524 1294 569 circum

136 589 258 635 Lilia
278 588 571 643 funduntur;
612 592 778 652 strepit
798 592 948 637 omnis
968 607 1208 636 murmure
1230 607 1446 652 campm.

136 655 386 702 Horrescit
410 657 510 702 visu
538 657 714 713 subito,
744 674 1010 720 causasque
1036 659 1231 718 requirit
1354 667 1447 712 710

134 723 320 769 Inscius
344 725 544 776 AEueas;
585 740 694 785 quae
720 725 817 770 siut
843 742 898 771 ea
923 726 1116 770 flumina
1144 740 1305 784 porro,

137 789 295 843 Quive
321 789 403 835 viri
429 798 560 836 tanto
588 792 875 853 complerint
902 808 958 842 a(
963 793 1088 837 mine
1110 792 1255 852 ripas.

133 856 262 903 Tnm
287 867 423 918 paler
446 857 710 904 Anchises:
751 858 950 913 Animae,
980 858 1158 919 quibus
1186 858 1312 903 alten
1318 875 1328 901 ι
1348 856 1446 903 fato

136 923 352 987 Corpora
377 923 627 980 debentur,
657 925 835 970 Lethaei
862 925 921 970 ad
949 923 1154 970 fluminis
1185 925 1360 970 undam

136 991 338 1037 Securos
364 990 530 1037 latices
555 1000 604 1038 et
628 991 766 1053 longa
789 991 970 1036 oblivia
996 999 1182 1052 potant.
1309 993 1446 1053 [rann

136 1058 239 1104 Has
275 1055 494 1118 equidem
533 1074 795 1104 memorare
822 1058 907 1104 tibi
931 1066 1074 1120 atque
1101 1057 1347 1104 ostendere
1373 1075 1447 1102 co-

134 1123 435 1186 Jampridem
474 1125 596 1170 hanc
634 1124 811 1185 prolem
847 1125 990 1187 cupio
1016 1141 1292 1170 enumerare
1320 1142 1446 1170 meo-

136 1190 250 1245 an
277 1190 425 1250 magis
450 1191 586 1237 Itali-:2
613 1208 802 1237 mecum
826 1191 987 1238 Iaetere
1014 1193 1221 1254 repert-21.
1293 1192 1443 1253 [1·um:

136 1258 181 1304 Ο
208 1266 360 1320 pater,
388 1273 508 1304 anne
533 1258 714 1320 aliquas
755 1258 813 1303 ad
852 1259 1025 1304 coelum
1054 1259 1162 1304 hinc
1189 1258 1251 1304 ire
1277 1268 1447 1320 putan-

275 1321 392 1372 dum
417 1330 494 1370 est
595 1376 622 1383 ‚-

137 1389 378 1435 Sublimes
395 1388 604 1436 animas?
630 1388 896 1449 iterumque
917 1386 975 1433 ad
1004 1387 1134 1433 tarda
1162 1385 1334 1433 reverti
1354 1392 1447 1437 720

138 1455 392 1518 Corpora?
429 1471 538 1517 quae
564 1455 683 1501 lucis
712 1456 892 1500 miseris
919 1463 1013 1500 tam
1042 1453 1144 1498 dira
1170 1453 1382 1514 cupido?

138 1521 311 1568 Dicam
338 1521 576 1584 equidem,
599 1538 684 1567 nec
711 1531 755 1567 te
781 1536 1084 1581 suspensum,
1111 1530 1234 1575 nate,
1256 1519 1446 1574 tenebo,

138 1588 358 1650 Suscipit
384 1588 630 1642 Anchises,
658 1597 804 1649 atque
830 1587 997 1632 ordine
1024 1585 1203 1646 singula
1230 1587 1411 1647 pandit.

205 1655 442 1716 Principio
455 1653 1432 1714 coelum,acterra3‚camposqueliquentes,

138 1721 498 1783 Lucentenique
524 1721 723 1784 globum
752 1721 916 1775 Lunae,
943 1719 1233 1780 Titaniaque
1258 1728 1384 1765 astru

139 1787 345 1849 Spiritus
372 1788 500 1834 intus
524 1788 622 1843 alit,
651 1795 900 1848 totamque
926 1785 1080 1832 infusa
1107 1802 1192 1847 per
1216 1796 1342 1832 artus

139 1855 279 1901 Mens
303 1855 455 1916 agitat
480 1856 672 1909 molem,
698 1865 743 1900 et
768 1870 939 1915 magno
965 1869 1013 1898 se
1039 1869 1241 1914 corpore
1268 1853 1448 1899 miscet.

140 1920 258 1967 Inde
284 1920 529 1967 hominum
566 1920 906 1982 pecudumque
942 1936 1106 1981 genus,
1136 1920 1338 1982 vitaeque
1366 1937 1449 1965 vo-

270 1987 471 2044 lantum,

140 2054 205 2101 Et
216 2070 324 2115 quae
337 2070 599 2101 marmoreo
619 2054 710 2100 fert
722 2062 927 2098 monstra
948 2052 1037 2099 sub
1051 2069 1238 2114 aequore
1257 2061 1445 2114 pontus,

141 2120 312 2181 Igneus
337 2130 408 2168 est
432 2122 537 2168 ollis
565 2121 714 2182 vigor,
733 2129 779 2165 et
805 2120 1008 2166 coelestis
1035 2119 1169 2181 origo
1356 2127 1444 2173 73c

142 2187 445 2236 Seminibus:
485 2198 718 2251 quantum
745 2203 836 2233 non
855 2188 992 2232 noxia
1013 2202 1217 2247 corpora
1238 2185 1445 2243 tardant,

140 2253 434 2318 Terrenique
460 2256 688 2302 hebetant
725 2263 870 2311 artus,
901 2253 1283 2314 moribundaque
1308 2270 1444 2299 mein-

277 2321 378 2368 bra.

144 2387 271 2434 Hinc
293 2397 524 2444 metuunt,
545 2388 843 2452 cupiuntque
863 2405 874 2442 ;
918 2387 1100 2443 dolent,
1121 2386 1448 2451 gaudentque:

271 2469 431 2517 ‘neque
455 2472 596 2503 auras

750 2519 856 2568 (52
