1607 2700
528 82 793 119 AENEmos
820 83 933 121 me..
971 82 1098 118 vm.
1192 97 1204 107 ι-
1375 75 1464 124 261

157 205 332 250 Junoni
359 203 428 250 fer
447 203 533 249 rite
553 217 738 264 preces,
767 201 978 264 iramque
1003 204 1248 267 minasque
1404 204 1468 256 60

157 270 471 333 Supplicibus
497 284 668 330 supera
693 267 842 313 votis:
882 269 994 314 mihi
1019 271 1174 316 victor
1198 271 1424 319 honorem

157 337 416 383 PersolveS.
436 337 589 395 &Ego
614 351 736 391 sum,
764 334 908 396 pleno
928 351 1069 396 quem
1096 335 1288 384 flumine
1314 339 1466 386 cernis

155 404 466 465 Stringentem
492 403 634 463 ripas,
657 410 706 447 et
729 401 926 463 pinguia
950 401 1081 447 culta
1108 412 1365 461 secantem,

155 471 399 516 Coeruleus
423 469 616 532 Tybris,
645 468 763 514 coelo
788 468 1084 530 gratissimus
1112 470 1284 516 amnis.

152 536 246 584 Hic
273 535 387 581 mihi
409 552 572 596 magna
595 535 781 592 domuS‚
805 534 941 582 celsis
963 544 1111 597 caput
1133 536 1332 583 urbibus
1352 539 1463 586 exit.

219 602 368 656 Dixit,
395 602 565 648 deinde
589 602 696 648 lacu
725 602 915 648 Fluvius
940 618 987 649 se
1013 601 1227 648 condidit
1251 605 1364 659 alto,

151 669 249 714 Ima
275 677 458 730 petens.
530 669 641 715 Nox
666 670 860 715 AEneam
886 684 1177 730 somnusque
1204 670 1413 732 reliquit.

151 734 328 798 Surgit,
355 745 401 782 et
425 736 603 782 aetherii
631 744 851 796 spectans
878 735 1076 781 orientia
1097 735 1220 781 Solis

148 803 369 857 Lumina,
397 803 482 849 rite
507 802 632 849 cavis
658 802 833 848 undam
857 801 916 848 de
941 801 1135 848 flumine
1160 803 1331 863 palmis

149 869 368 925 Sustulit,
395 885 451 915 ac
478 869 591 915 tales
616 868 786 914 effudit
810 868 870 913 ad
898 869 1075 914 aethera
1102 885 1272 917 voces:
1399 877 1463 924 70

148 936 404 1048 Nymghae'
425 937 685 982 Laurentes
704 935 962 997 Nymphae,
977 951 1126 997 genus
1143 936 1361 982 amnibus
1381 953 1464 982 un-

314 1020 337 1048 e
362 1011 430 1048 est
451 1020 462 1056 ;

146 1068 340 1130 Tuque,
368 1085 396 1114 o
421 1069 576 1130 Tybri
600 1076 683 1115 tuo
709 1068 894 1129 genitor
920 1083 1028 1114 cum
1059 1068 1251 1115 flumine
1277 1076 1461 1125 sanct0,

146 1135 368 1197 Accipite
392 1136 588 1192 AEnean,
616 1142 666 1181 et
689 1135 882 1182 tandem
902 1142 1057 1181 arcete
1083 1136 1292 1197 periclis.
1350 1136 1459 1197 [tra,

147 1201 256 1255 Quo
277 1210 321 1248 te
339 1218 528 1264 cunque
544 1204 693 1259 lacus,
715 1202 1017 1249 miserantem
1036 1201 1341 1248 incommoda
1360 1219 1463 1248 nos-

147 1268 296 1314 Fonte
321 1278 467 1324 tenet,
496 1285 786 1330 quocunque
811 1269 912 1314 solo
938 1269 1283 1330 pulcherrimus
1308 1269 1404 1315 exis
1427 1287 1439 1323 ;

147 1335 341 1396 Semper
366 1337 544 1382 honore
570 1352 692 1392 meo,
720 1351 906 1397 semper
930 1335 1235 1381 celebrabere
1259 1334 1416 1392 donis,

148 1402 376 1463 Corniger
403 1402 719 1463 Hesperidum
748 1401 917 1447 fluvius
942 1410 1162 1463 regnator
1187 1418 1438 1463 aquarum.

148 1468 293 1514 Adsis
319 1486 346 1514 o
367 1469 568 1525 tantum,
591 1477 640 1515 et
659 1468 858 1531 propiuS
887 1479 965 1513 tua
989 1468 1182 1514 numina
1207 1467 1376 1515 firmes

214 1536 290 1581 Sic
318 1545 559 1592 memorat,
587 1536 897 1599 geminasque
940 1535 1052 1597 legit
1076 1535 1135 1581 de
1161 1535 1316 1582 classe
1346 1535 1463 1583 bire-

282 1619 397 1657 mes,

149 1669 454 1731 Remigioque
479 1677 645 1731 aptat:
684 1669 838 1715 socios
857 1667 992 1714 simul
1010 1667 1200 1714 instruit
1215 1668 1372 1715 armis.
1401 1675 1461 1716 So

147 1736 270 1781 Ecce
290 1745 449 1782 autem
476 1736 686 1782 subitum
729 1744 875 1798 atque
912 1734 1061 1781 oculis
1081 1735 1296 1781 mirabile
1323 1751 1460 1782 mon-

278 1811 420 1848 strum
441 1803 451 1850 !

144 1868 365 1915 Candida
390 1885 475 1929 per
500 1869 664 1915 silvam
691 1886 799 1915 cum
828 1868 947 1915 foetu
976 1868 1204 1914 concolor
1228 1868 1338 1914 albo

145 1936 428 2011 Procubuit,
455 1936 720 1999 viridique
711 1952 755 1982 in
781 1936 937 1982 littore
962 1934 1260 1996 conspicitur
1285 1951 1393 1981 sus:

145 2003 303 2057 Quam
330 2020 437 2066 pius
464 2004 650 2059 AEneas,
677 2003 762 2050 tibi
789 2002 930 2057 enini,
958 2002 1060 2058 tibi,
1090 2002 1292 2048 maxima
1316 2003 1457 2058 Juno,

146 2071 350 2125 Mactat‚
380 2086 515 2117 sacia
536 2069 706 2125 ferens,
725 2078 901 2116 etcum
927 2085 1067 2131 grege
1088 2067 1211 2114 sistit
1227 2068 1287 2114 ad
1308 2085 1455 2114 aram.

144 2137 321 2199 Tybris
347 2138 400 2183 est
426 2136 641 2193 fluvium,
671 2136 815 2198 quam
843 2137 982 2198 longa
1006 2143 1094 2190 est,
1117 2144 1258 2182 nocte
1278 2145 1459 2181 tumen-

146 2202 316 2259 Leuiit‚
338 2213 386 2250 et
410 2204 564 2252 tacita
588 2203 785 2251 refluens
810 2204 875 2249 ita
900 2202 1108 2248 substitit
1134 2202 1279 2258 unda,
1339 2203 1456 2264 [tem

145 2270 278 2316 Mitis
303 2280 354 2316 ut
378 2271 423 2316 in
452 2287 625 2317 morem
652 2271 805 2332 stagni
826 2270 1123 2332 placidaeque
1149 2269 1338 2331 paludis

145 2336 382 2384 Sterneret
405 2353 570 2398 aequor
593 2338 744 2400 aquis,
762 2353 892 2385 remo
914 2337 1219 2385 utluctamen
1245 2337 1451 2382 abesset.

144 2406 267 2469 Ergo
294 2407 381 2454 iter
400 2407 645 2469 inceptum
672 2407 877 2453 celerant
904 2420 1093 2450 rumore
1119 2402 1348 2448 secundo.
1386 2405 1450 2454 90

147 2475 342 2523 Labitur
369 2483 508 2520 uncta
536 2473 667 2519 vadis
687 2472 814 2518 abies
835 2487 847 2517 :
886 2471 1113 2518 mirantur
1134 2477 1182 2515 et
1204 2469 1357 2523 iaudat,
