1607 2700
151 118 247 168 294
483 123 527 155 P,
565 120 813 154 vinculi
859 119 1129 154 Marionis

217 235 463 283 Fortunati
486 236 657 282 ambo!
683 235 850 297 siquid
879 253 979 282 mea
1001 235 1206 283 carmina
1234 241 1450 295 possunt,

149 303 295 351 Nulla
321 302 420 348 dies
447 318 650 363 unquam
677 303 873 348 memori
900 318 983 348 vos
1009 304 1181 348 eximet
1207 316 1337 347 aevo:

150 369 277 415 Dum
303 367 475 414 domus
500 368 658 415 AEneae
686 367 899 429 Capitoli
925 368 1168 415 immobile
1194 383 1363 413 saxum

151 434 373 490 Accolet,
396 435 739 495 imperiumque
766 442 900 494 pater
926 435 1166 480 Romanus
1194 433 1407 479 habebit.

217 501 435 547 Victores
459 501 620 561 praeda
647 500 809 544 Rutuli
835 499 1098 559 spoliisque
1124 499 1278 560 potiti,
1355 505 1455 546 450

149 566 453 613 Volscentem
477 565 742 611 exanimum
775 563 943 610 flentes
968 563 1015 609 in
1041 575 1197 611 castra
1222 564 1454 611 ferebant.

151 633 255 679 Nec
282 633 432 678 minor
458 632 501 676 in
526 629 690 676 castris
719 630 896 686 luctus,
924 630 1191 676 Rhamnete
1219 641 1410 690 reperto

151 697 409 757 Exsangui,
433 705 481 744 et
508 696 668 757 primis
694 697 788 741 una
815 705 883 742 tot
910 696 1048 742 caede
1075 697 1315 756 peremtis,

151 765 467 825 Sarranoque‚
485 762 762 822 Numaque.
800 762 972 823 lugens
997 777 1257 808 concursus
1277 761 1336 807 ad
1356 762 1456 823 ipsa

153 831 384 891 Corpora,
402 828 763 889 seminecesque
781 827 918 884 viroS,
934 828 1192 889 tepidaque
1218 836 1456 875 recentem

153 895 302 942 Caede
328 895 504 951 locum,
526 904 573 941 et
598 894 763 957 plenos
789 895 1032 956 spumanti
1057 894 1288 954 sanguine
1313 894 1456 940 rivos.

152 964 436 1023 Agnoscunt
460 959 610 1022 spolia
635 962 757 1007 inter
780 976 848 1017 se,
874 960 1154 1022 galeamque
1179 960 1407 1006 nitentem

153 1027 386 1090 Messapi,
411 1036 458 1073 et
484 1028 635 1073 multo
660 1026 878 1088 phaleras
906 1026 1078 1072 sudore
1103 1034 1338 1086 receptas.

224 1095 280 1140 Et
297 1095 402 1154 jam
427 1093 580 1153 prima
603 1109 728 1138 novo
755 1092 1013 1153 spargebat
1038 1092 1210 1138 lumine
1238 1100 1386 1138 terras

152 1158 344 1206 Tithoni
369 1174 592 1205 croceum
621 1159 838 1220 linquens
859 1161 1044 1205 Aurora
1070 1158 1258 1205 cubile:
1362 1155 1461 1206 460

152 1227 257 1272 Jam
286 1226 385 1271 sole
410 1224 622 1281 infuso,
601 1241 701 1286 Jam
729 1225 868 1270 rebus
895 1224 998 1269 luce
1023 1224 1239 1280 retectis,

104 1344 106 1346 v
153 1291 385 1338 Turnus
373 1307 419 1337 ln
446 1307 574 1337 arma
601 1291 742 1348 viros,
768 1289 906 1335 armis
926 1289 1285 1335 circumdatus
1275 1305 1396 1352 ipse,

155 1357 380 1415 Suscitat,
405 1368 670 1418 aeratasque
694 1357 819 1402 acies
845 1355 887 1400 in
914 1356 1078 1417 praelia
1103 1356 1233 1412 cogit

155 1425 375 1485 Quisque
400 1440 525 1480 suas,
551 1423 784 1484 variisque
812 1431 994 1468 acuunt
1022 1422 1328 1468 rumoribus
1318 1439 1427 1471 iraS.

156 1492 285 1543 Quin
313 1490 413 1551 ipsa
437 1490 651 1546 arrectis,
678 1491 778 1535 visu
805 1487 1088 1543 miserabile,
1114 1488 1160 1533 in
1190 1488 1339 1535 hastis

154 1556 416 1616 Praefigunt
452 1555 631 1618 capita,
669 1565 715 1601 et
750 1556 898 1601 multo
938 1555 1142 1600 clamore
1180 1563 1445 1616 sequnntur

154 1622 346 1684 Euryali
371 1631 418 1668 et
444 1622 564 1668 Nisi.

152 1687 378 1734 AEneadae
397 1687 503 1734 duri
529 1702 767 1733 murorum
794 1686 839 1732 in
865 1696 1004 1748 parte
1031 1685 1219 1732 sinistra

156 1754 441 1815 Opposuere
467 1753 636 1809 aciem,
666 1768 773 1798 nam
800 1753 997 1799 dextera
1024 1753 1232 1814 cingitur
1257 1753 1412 1806 amni:

153 1820 476 1883 Ingentesque
499 1829 660 1867 tenent
688 1819 855 1876 fossas,
881 1828 927 1864 et
953 1819 1161 1864 turribus
1187 1818 1296 1864 altis
1365 1826 1465 1871 470

156 1887 294 1933 Stant
320 1886 472 1934 moesti
495 1902 507 1933 t
535 1886 674 1932 simul
702 1900 782 1930 ora
808 1884 955 1931 virum
976 1883 1169 1944 praefixa
1191 1885 1463 1942 movebant,

154 1952 286 1999 Nota
310 1953 445 1999 nimis
471 1952 672 2008 miseris,
696 1960 894 2013 atroque
922 1948 1115 1996 fluentia
1141 1951 1277 1997 taho.

221 2020 410 2066 Interea
436 2020 658 2081 pavidam
688 2017 884 2063 volitans
911 2025 1119 2078 pennata
1144 2033 1230 2078 per
1252 2016 1420 2062 urbem

159 2085 335 2131 Nuntia
363 2086 504 2131 Fama
529 2085 640 2140 ruit,
667 2086 929 2145 matrisque
953 2083 1178 2128 allabitur
1201 2099 1335 2128 aures

156 2151 344 2214 Euryali
367 2167 378 2197 ε
417 2160 463 2197 at
490 2152 672 2197 subitus
699 2150 884 2196 miserae
911 2149 1041 2195 calor
1067 2165 1173 2195 ossa
1198 2148 1387 2209 reliquit
1409 2160 1422 2192 ε

157 2218 359 2264 Excussi
384 2218 600 2263 manibus
625 2215 759 2272 radii,
785 2215 1101 2275 revolutaque
1128 2231 1293 2278 pensa.

157 2282 328 2330 Evolat
352 2282 532 2340 infelix,
557 2291 606 2329 et
632 2282 851 2329 foemineo
879 2282 1077 2340 ululatu,

159 2350 318 2397 Scissa
343 2364 546 2405 comam,
574 2365 730 2395 muros
753 2366 915 2395 amens
941 2356 1084 2408 atque
1111 2347 1295 2408 agmina
1324 2362 1466 2394 cursu

159 2416 318 2463 Prima
341 2416 495 2478 petit:
534 2431 625 2461 uun
653 2415 728 2460 illa
753 2415 919 2470 virfim,
941 2430 1035 2459 non
1055 2414 1132 2460 illa
1159 2414 1346 2477 pericli,

159 2482 483 2530 Telorumoue
505 2497 708 2537 memorz
737 2481 901 2529 coelum
921 2480 1092 2529 dehinc
1112 2481 1362 2544 questibus
1379 2479 1466 2524 im-

288 2548 393 2609 plet
409 2585 424 2602 ,
1371 2551 1468 2598 480
