1586 2704
158 63 256 115 336
488 75 535 109 Ρ.
575 75 819 108 vaGimt
865 74 1126 121 MARoms

158 190 239 237 Bis
263 206 400 237 senos
427 190 653 253 pepigere
678 189 778 236 dies
800 207 811 237 ε
850 198 894 235 et
921 205 1039 250 pace
1067 189 1308 250 sequestra

157 257 250 304 Per
273 256 414 302 silvas
440 257 635 311 Teucri,
664 257 889 318 mixtique
913 256 1102 316 impune
1130 255 1303 311 Latini,

157 322 385 368 Erravere
403 321 554 383 jugis,
626 323 766 369 Ferro
792 329 930 367 sonat
952 322 1041 366 icta
1072 320 1263 381 bipenni

157 387 385 434 Fraxinus
407 405 420 443 3
457 397 671 434 evertunt
696 396 828 433 actas
855 388 911 432 ad
938 388 1088 432 sidera
1114 389 1282 448 pinus;

157 453 352 500 Robora
376 470 462 499 nec
488 455 667 509 cuneis,
687 463 732 498 et
758 453 960 498 olentem
989 453 1202 499 scindere
1228 451 1441 510 cedrum,

156 518 262 565 Nec
286 519 505 580 plaustris
532 528 716 565 cessant
737 528 924 563 vectare
950 520 1247 578 gementibus
1274 534 1434 566 ornos.

225 587 285 631 Et
300 585 400 645 jam
432 586 576 631 Fama
604 585 783 639 volans,
808 583 923 628 tanti
950 585 1210 644 praenuntia
1237 585 1414 640 luctus,

154 650 425 697 Evandrum
453 651 755 712 Evandrique
778 650 949 694 domos
971 658 1015 694 et
1038 651 1203 695 moenia
1222 652 1455 712 complet;

157 716 280 770 Quae
305 716 445 762 modo
471 716 695 762 victorem
720 716 854 761 Latio
880 716 1098 761 Pallanta
1126 714 1324 761 ferebat.
1367 725 1453 766 141

155 783 368 828 Arcades
389 782 445 827 ad
474 791 637 843 portas
659 798 806 837 ruere,
835 793 880 827 et
906 782 961 826 de
989 797 1117 827 more
1144 789 1330 827 vetusto

155 847 392 894 Funereas
417 864 613 910 rapuere
638 848 780 894 faces.
849 849 998 893 Lucet
1025 847 1099 893 via
1121 847 1262 908 longo

155 914 342 961 Ordine
367 913 678 971 flammarum,
703 924 752 960 et
774 914 866 960 late
893 913 1184 959 discriminat
1216 929 1372 975 ¹agros.

155 979 334 1026 Contra
351 981 488 1027 turba
505 982 746 1043 Phrygum
765 981 955 1026 veniens
973 980 1459 1041 plangentia-jungunt

162 1047 377 1108 Agmina.
435 1048 555 1102 Quae
572 1056 825 1108 postquam
853 1055 1025 1092 matres
1046 1046 1303 1092 succedere
1320 1048 1457 1092 tectis

159 1111 404 1169 Viderunt,
433 1121 645 1159 moestam
673 1113 928 1158 incendunt
961 1112 1245 1157 clamoribus
1275 1113 1456 1159 urbem.

221 1181 288 1225 At
307 1195 399 1224 non
431 1179 695 1224 Evandrum
725 1180 850 1240 potis
873 1188 943 1224 est
968 1178 1036 1223 vis
1061 1179 1153 1224 ulla
1180 1188 1334 1224 tenere
1356 1198 1366 1232 ;

155 1244 248 1290 Sed
276 1246 404 1292 venit
427 1246 471 1291 in
500 1245 696 1292 medios.
769 1245 962 1291 Feretro
987 1244 1202 1290 Pallanta
1229 1247 1422 1307 repdsto

153 1309 415 1357 Procubuit
442 1328 599 1374 super,
636 1320 781 1372 atque
807 1311 953 1357 haeret
986 1311 1347 1373 lacrymansque
1374 1329 1454 1370 ge-

289 1393 512 1439 mensque
535 1393 544 1423 :
1366 1386 1455 1425 150

153 1442 213 1488 Et
235 1444 306 1489 via
332 1445 407 1490 vix
434 1444 627 1490 tandem
660 1445 763 1490 voci
787 1444 941 1490 laxata
966 1444 1131 1490 dolore
1155 1452 1254 1491 est:

152 1508 261 1556 Non
289 1511 409 1567 haec,
434 1526 461 1554 o
489 1511 634 1564 Palla,
658 1510 854 1556 dederas
877 1511 1107 1571 promissa
1133 1511 1333 1573 parenti,

152 1575 348 1622 Cautius
377 1585 428 1622 ut
455 1593 581 1622 saevo
608 1577 744 1623 velles
770 1585 813 1622 te
839 1580 1027 1622 credere
1056 1577 1220 1624 Marti!

149 1642 293 1689 Haud
314 1643 498 1702 ignarus
521 1658 663 1698 eram,
683 1642 912 1703 quantum
930 1658 1049 1688 nova
1067 1643 1213 1702 gloria
1233 1644 1275 1688 in
1293 1643 1450 1698 armis,

149 1708 209 1753 Et
234 1707 481 1770 praedulce
507 1709 649 1754 decus
675 1709 830 1771 primo
855 1710 1110 1754 certamine
1136 1719 1312 1771 posset.

147 1773 373 1820 Primitiae
397 1774 580 1833 juvenis
606 1775 787 1821 miserae
813 1775 823 1821 !
864 1775 1068 1836 bellique
1094 1776 1350 1838 propinqui

146 1841 280 1887 Dura
305 1840 602 1887 rudimenta!
645 1850 691 1887 et
718 1841 833 1886 nulli
858 1842 1083 1887 exaudita
1110 1843 1318 1889 Deorum

145 1906 286 1964 Vota,
311 1923 571 1970 precesque
600 1908 746 1954 meae!
785 1915 953 1969 tuque,
976 1925 1002 1953 o
1021 1909 1315 1956 sanctissima
1336 1926 1449 1956 con·

265 1974 373 2035 jux,

142 2039 271 2086 Felix
300 2049 448 2086 morte
473 2041 574 2098 tua,
599 2044 752 2102 neque
778 2041 822 2086 in
851 2040 973 2086 hunc
998 2050 1182 2088 servata
1206 2041 1414 2087 dolorem
1437 2043 1447 2087 !

143 2104 324 2151 Contra
349 2123 438 2168 ego
463 2107 667 2154 vivendo
693 2107 783 2153 vici
805 2122 909 2153 mea
934 2105 1049 2162 sata,
1076 2117 1315 2168 superstes
1359 2107 1450 2154 160

141 2169 393 2220 Restarem
415 2183 466 2219 ut
484 2174 684 2235 genitor.
733 2172 913 2219 Troum
932 2174 1057 2218 socia
1078 2190 1204 2220 arma
1229 2183 1447 2220 secutum

143 2237 421 2284 Obruerent
449 2239 612 2286 Rutuli
638 2239 773 2285 telis!
811 2240 1012 2285 animam
1042 2240 1143 2302 ipse
1169 2241 1433 2293 dedissem

143 2306 302 2366 Atque
330 2305 432 2349 haec
459 2322 633 2368 pompa
658 2307 851 2352 domum
880 2321 972 2362 me,
999 2322 1091 2351 non
1119 2307 1347 2361 Pallanta,
1375 2324 1448 2353 re-

271 2370 410 2416 ferret
434 2371 444 2417 !

126 2434 244 2482 -Nec
272 2453 354 2483 vos
380 2437 630 2500 arguerim,
657 2437 851 2489 Teucri,
877 2454 965 2486 nec
992 2437 1189 2495 foedera,
1216 2455 1301 2486 nec
1327 2455 1443 2502 quas
