1546 2686
129 51 222 100 106
421 49 427 53 ’
461 66 511 100 Ρ.
548 63 799 99 vinoun
836 63 1103 102 MARoms

123 180 462 244 Auxiliumque
488 183 578 231 viae
602 192 782 232 veteres
807 186 972 232 tellure
997 183 1203 233 recludit

118 248 411 305 ThesaurOS,
438 249 651 312 ignotum
672 253 856 314 argenti
876 253 1064 314 pondus
1090 260 1138 299 et
1162 250 1278 298 auri.
1337 257 1434 310 359

118 313 208 359 His
233 324 489 372 commota,
516 317 675 380 fugam
703 318 835 365 Dido
861 318 1116 380 sociosque
1141 317 1366 380 parabat.

117 380 440 439 Conveniunt,
468 385 644 446 quibus
662 393 745 431 aut
769 384 934 431 odium
960 385 1157 432 crudele
1180 385 1369 447 tyranni

116 448 218 493 Aut
243 456 393 494 metus
418 467 531 497 acer
555 459 682 497 erat:
710 467 874 507 naves,
903 468 1012 513 quae
1032 451 1153 498 forte
1179 459 1376 513 paratae,

117 512 410 575 Corripiunt,
437 525 731 578 onerantque
755 533 887 565 auro.
960 519 1214 564 Portantur
1236 519 1368 564 avari

114 578 438 643 Pygmalionis
464 599 580 644 opes
604 583 802 645 pelago:
830 583 927 629 dux
947 583 1136 630 foemina
1163 583 1298 631 facti.

113 646 365 693 Devenere
384 648 532 705 locos,
562 650 645 696 ubi
670 665 799 696 nunc
818 650 1030 711 ingentia
1054 666 1216 697 cernes

114 712 307 769 Moenia,
338 724 709 778 surgentemque
745 732 886 762 novae
913 716 1212 778 Carthaginis
1238 732 1431 764 arcem:

113 779 417 841 Mei-catique
443 783 610 839 solum,
637 782 752 829 facti
779 782 839 829 de
864 783 1052 829 nomine
1079 785 1297 846 Byrsam,

113 845 330 892 Taurino
353 858 585 909 quantum
599 858 796 911 possent
820 849 1121 896 circumdare
1146 857 1297 911 terg0.

113 913 205 959 Sed
233 929 318 958 vos
345 915 426 976 qui
451 916 674 962 tandem?
699 916 872 978 quibus
898 925 980 962 aut
998 916 1190 962 venistis
1217 917 1279 962 ab
1304 915 1434 963 oris?

113 981 284 1034 Quove
302 982 471 1029 tenetis
497 982 622 1029 iter?
649 982 896 1038 Quaerenti
920 983 1096 1029 talibus
1120 983 1200 1029 ille
1335 989 1432 1036 370

112 1046 383 1107 Suspirans,
411 1049 606 1110 imoque
630 1051 819 1096 trahens
845 1067 871 1096 a
896 1058 1094 1112 pectore
1119 1065 1316 1095 vocem:

113 1115 157 1160 O
182 1115 300 1169 Dea,
330 1117 368 1161 si
394 1117 545 1177 prima
572 1126 791 1178 repetens
818 1117 880 1163 ab
898 1117 1077 1177 origine
1102 1131 1317 1178 pergam,

111 1181 175 1227 Et
200 1191 331 1227 vacet
357 1183 551 1228 annales
578 1194 849 1229 nostrorum
870 1183 1035 1230 audire
1061 1184 1298 1237 laborum,

111 1248 238 1294 Ante
256 1246 383 1295 diem
399 1249 562 1295 clauso
583 1257 845 1312 componet
873 1266 1040 1311 vesper
1063 1249 1297 1312 Olympo·

111 1315 216 1360 Nos
241 1314 393 1377 Troja
413 1315 611 1377 antiqua
636 1317 695 1375 (si
714 1325 889 1363 vestras
913 1315 1036 1363 sorte
1061 1332 1146 1378 per
1161 1330 1299 1362 aures

111 1380 281 1442 Trojae
307 1399 478 1429 nomen
504 1383 577 1440 iit)
602 1382 789 1429 diversa
815 1398 905 1444 per
928 1398 1124 1444 aequora
1146 1389 1331 1438 vectos,

113 1448 258 1495 Forte
285 1451 370 1495 sua
398 1450 590 1511 Libycis
620 1457 881 1510 tempestas
907 1449 1097 1512 appulit
1121 1448 1231 1496 oris.

113 1515 225 1561 Sum
252 1517 359 1578 pius
386 1518 571 1571 AEneaS,
599 1524 761 1578 raptos
787 1515 868 1578 qui
886 1533 943 1562 ex
970 1517 1107 1562 hoste
1129 1516 1334 1562 Penates

113 1581 277 1628 Classe
298 1583 420 1629 veho
447 1598 654 1638 mecum,
681 1582 810 1628 fama
835 1598 980 1644 super
1004 1583 1184 1629 aethera
1203 1588 1365 1628 notus,

116 1648 298 1695 [taliam
324 1665 486 1711 quaero
512 1649 731 1711 patriam,
759 1656 806 1695 et
831 1664 980 1710 genus
1001 1649 1062 1694 ab
1088 1650 1204 1697 Jove
1226 1663 1429 1695 summo,

110 1711 194 1760 Bis
211 1715 343 1761 denis
363 1716 622 1779 Phrygium
640 1715 1106 1762 conscendinavibus
1123 1730 1306 1777 aequor,
1334 1720 1426 1761 381

113 1782 274 1828 Matre
301 1782 405 1828 Dea
425 1790 719 1829 monstrante
743 1783 886 1839 viam,
914 1782 1029 1828 data
1052 1781 1150 1829 fata
1174 1789 1393 1836 secutus3

114 1847 205 1894 Vix
232 1857 416 1912 septem
442 1849 686 1896 convulsae
712 1849 851 1896 undis
874 1850 1103 1912 Euroque
1123 1854 1397 1909 supersunt.

114 1915 225 1975 Ipse
249 1916 457 1975 ignotus,
482 1933 641 1978 egens,
669 1916 832 1979 Libyae
856 1915 1039 1963 deserta
1062 1930 1280 1978 peragro,

115 1982 306 2043 Europa
326 1990 472 2044 atque
489 1984 605 2029 Asi-a
620 1983 804 2045 pulsus,
873 1983 979 2030 Nec
999 1983 1137 2046 plura
1154 1986 1431 2044 querentem

116 2048 262 2094 Passa
279 2051 458 2104 VenuS‚
485 2050 642 2096 medio
668 2050 736 2095 sic
761 2049 983 2097 interfata
1003 2049 1168 2096 dolore
1193 2057 1262 2093 est
1284 2063 1295 2094 ε

118 2116 345 2177 Quisquis
365 2133 431 2172 es,
453 2116 579 2162 haud
603 2115 791 2176 (credo)
808 2117 986 2164 invisus
1004 2114 1279 2162 coelestibus
1294 2128 1432 2158 auras

116 2181 297 2227 vitales
324 2182 497 2241 carpis,
524 2183 719 2245 Tyriam
746 2183 828 2246 qui
851 2183 1097 2230 adveneris
1118 2181 1300 2229 urbem.
1323 2179 1432 2241 [fer.

116 2247 266 2309 Perge
282 2248 446 2304 modo,
464 2258 608 2309 atque
627 2249 737 2296 hinc
762 2259 808 2296 te
834 2251 1030 2311 Reginae
1055 2248 1117 2295 ad
1143 2247 1309 2293 limina
1328 2261 1434 2306 per-

116 2312 340 2375 Namque
366 2316 452 2360 tibi
490 2315 695 2361 reduces
723 2316 878 2363 socios
905 2318 1206 2376 classemque
1238 2313 1433 2359 relatam

118 2380 320 2438 Nuntio,
346 2389 393 2428 et
411 2381 456 2427 in
479 2389 634 2428 tutum
652 2383 799 2429 versis
825 2382 1146 2446 Aquilonibus
1172 2387 1331 2426 actam
1353 2395 1365 2431 ;

120 2447 184 2493 Ni
202 2446 373 2493 frustra
399 2449 648 2510 augurium
675 2449 781 2494 vani
806 2448 1014 2496 docuere
1040 2454 1276 2511 parentes.
1336 2449 1433 2501 392

121 2514 298 2576 Aspice
326 2515 582 2571 bissenos,
608 2514 822 2562 laetantes
849 2516 1052 2578 agmine,
1076 2527 1269 2578 cycnos,

1400 2650 1422 2658 -a
