1607 2700
519 67 769 103 AEnmnos
795 68 905 101 Lm.
943 70 1066 106 vm.
1337 65 1431 117 279

113 193 287 247 Aurea,
316 188 396 236 sed
425 189 574 235 fluctu
601 188 893 251 spumabant
917 192 1093 236 coerula
1112 207 1262 244 cano;

111 259 173 304 Et
193 256 374 304 circum
397 262 590 315 argento
617 255 726 301 clari
752 253 1002 316 delphines
1027 257 1074 302 in
1100 258 1262 303 orbem

109 326 322 386 AEquora
345 321 594 367 verrebant
619 321 798 377 caudis,
825 328 1092 382 aestumque
1119 323 1365 370 secabant.

110 391 163 435 In
190 388 345 435 medio
369 388 549 434 classes
576 396 763 442 aeratas,
795 388 935 434 Actia
962 387 1098 442 bella,

111 459 312 504 Cernere
338 462 464 507 erat:
502 462 752 515 totumque
778 454 1011 501 instructo
1037 455 1194 500 Marte
1214 454 1398 502 videres

112 524 309 569 Fervere
335 522 593 577 Leucaten,
617 537 830 583 auroque
854 521 1075 584 effulgere
1099 520 1293 567 fluctus.

109 589 233 635 Hinc
252 590 498 650 Augustus
517 604 663 649 agens
684 588 829 633 Italos
851 587 895 634 in
917 587 1076 650 praelia
1093 587 1271 644 Caesar,
1298 587 1426 650 [Dis,

110 657 231 702 Cum
271 654 502 717 patribus,
542 655 840 717 populoque,
875 655 1145 709 PenatibUS,
1173 663 1220 700 et
1244 653 1427 715 magnis

108 723 247 769 Stans
271 722 395 769 celsa
420 722 465 767 in
492 722 636 783 puppi
657 740 669 778 ;
718 721 928 782 geminas
954 722 1031 767 cui
1057 729 1274 782 tempora
1297 719 1429 766 flam-

239 805 338 835 mas
1331 786 1428 833 680

108 855 239 901 Laeta
281 862 497 911 vomunt,
525 853 826 916 patriumque
852 854 1058 913 aperitur
1082 852 1258 899 vertice
1283 853 1426 900 sidus.

107 922 250 972 Parte
271 922 379 977 alia,
407 921 560 967 ventis
585 929 635 967 et
660 921 748 967 Dis
774 920 989 982 Agrippa
1013 919 1246 976 secundis,

107 989 317 1045 Arduus,
335 1004 503 1050 agmen
520 1003 685 1049 agens:
715 987 806 1042 cui,
827 986 932 1033 belli
953 986 1127 1047 insigne
1144 986 1425 1049 superbum,

107 1055 352 1117 Tempora
375 1054 529 1100 navali
554 1055 736 1114 fulgent
763 1060 965 1100 rostrata
989 1053 1183 1100 corona.

107 1121 234 1168 Hinc
259 1138 349 1183 ope
376 1121 621 1168 barbarica
647 1120 879 1183 variisque
904 1120 1140 1166 Antonius
1162 1118 1304 1166 armis

105 1188 290 1245 Victor,
317 1188 378 1236 ab
403 1189 602 1234 Aurorae
627 1188 817 1250 populis
841 1195 889 1233 et
913 1187 1070 1233 littore
1094 1186 1239 1233 rubro

105 1256 361 1317 AEgyptum
387 1255 608 1316 viresque
635 1254 859 1308 Orientis,
880 1261 926 1299 et
952 1254 1117 1300 ultima
1142 1269 1303 1299 secum

106 1321 441 1377 Bactravehit;
471 1320 796 1383 sequiturque,
811 1318 963 1366 nefas!
991 1319 1214 1382 AEgyptia
1227 1319 1423 1381 conjux.

107 1387 215 1434 Una
235 1404 398 1435 omnes
423 1404 574 1442 ruere,
602 1403 657 1434 ac
682 1395 837 1433 totum
857 1386 1312 1448 spumare,reductis

106 1455 398 1501 Convnlsum
426 1454 562 1501 remis
606 1453 866 1516 rostrisque
899 1453 1204 1509 tridentibus,
1243 1469 1424 1515 aequor.

107 1521 215 1568 Alta
240 1530 411 1584 petunt
433 1539 444 1568 :
472 1521 638 1583 pelago
664 1520 832 1566 credas
856 1520 1016 1566 innare
1042 1520 1257 1566 revulsas
1326 1517 1418 1575 691

107 1589 360 1650 Cycladas,
388 1596 470 1634 aut
494 1597 676 1633 montes
703 1602 986 1633 concurrere
1013 1586 1257 1633 montibus
1274 1586 1421 1633 altos:

106 1655 263 1702 Tanta
287 1654 410 1701 mole
435 1654 520 1700 viri
540 1653 714 1700 turritis
738 1654 984 1716 puppibus
1010 1652 1209 1704 instant.

107 1723 289 1784 Stupea
312 1719 502 1768 flamma
525 1737 686 1776 manu,
712 1721 912 1782 telisque
938 1720 1128 1766 volatile
1152 1718 1330 1767 ferrum

108 1789 386 1851 Spargitur;
413 1804 524 1834 arva
548 1789 673 1835 nova
698 1787 942 1849 Neptunia
967 1786 1100 1833 caede
1119 1787 1397 1833 rubescunt.

173 1855 351 1918 Regina
374 1855 419 1900 in
446 1854 610 1901 mediis
630 1854 786 1916 patrio
811 1861 951 1900 vocat
975 1853 1166 1916 agmina
1191 1853 1357 1907 sistro;

107 1921 326 1970 Necdum
347 1921 491 1968 etiam
518 1921 731 1983 geminos
756 1936 783 1966 a
804 1928 936 1982 tergo
960 1920 1155 1982 respicit
1179 1936 1374 1981 angues.

108 1987 526 2051 Omnigenumque
566 1987 717 2034 Defim
744 1996 971 2043 monstra,
999 1996 1046 2034 et
1069 1986 1269 2034 latrator
1293 1989 1424 2033 Anu-

242 2056 326 2110 bis,
1297 2055 1424 2116 [vam

109 2122 285 2169 Contra
310 2121 587 2182 Neptunum
614 2128 662 2166 et
680 2120 932 2176 Venerem,
959 2128 1224 2182 contraque
1250 2121 1426 2168 Miner·

109 2188 230 2234 Tela
254 2197 428 2235 tenent.
500 2188 643 2234 Saevit
671 2188 825 2233 medio
852 2187 898 2232 in
924 2187 1181 2233 certamine
1208 2187 1402 2235 Mavors

112 2255 322 2300 Caelatus
347 2254 487 2308 ferro,
514 2254 764 2316 tristesque
789 2271 845 2299 ex
870 2254 1044 2301 aethere
1071 2255 1216 2311 Dirae,
1327 2262 1418 2309 701

114 2321 175 2367 Et
198 2321 339 2367 scissa
362 2321 570 2378 gaudens
597 2322 727 2368 vadit
752 2321 1004 2368 Discordia
1029 2320 1174 2383 palla,

107 2391 260 2443 Quam
288 2404 394 2434 cum
420 2390 673 2450 sanguineo
693 2390 902 2450 sequitur
926 2392 1122 2438 Bellona
1148 2393 1351 2452 flagello.

107 2456 276 2502 Actius
303 2456 403 2501 liaec
430 2472 623 2504 cernens
647 2471 809 2503 arcum
836 2457 1114 2506 intendebat
1136 2460 1310 2522 Apollo
