1607 2700
528 88 792 123 ffiNssiDos
832 89 1064 121 Liss.vxx.
1349 83 1434 122 241

134 210 323 255 Saturni
347 216 552 269 gentem,
577 206 701 252 haud
720 206 878 252 vinclo
905 223 989 252 nec
1015 207 1198 266 legibus
1236 221 1441 267 aequam,

133 278 311 337 Sponte
335 275 433 330 sua,
454 273 719 335 veterisque
742 272 832 319 Dei
858 290 905 318 se
933 289 1061 318 more
1087 281 1342 318 tenentem.

132 345 293 402 Atque
318 338 533 400 equidem
562 339 907 398 memini(fa1na
933 346 1001 384 est
1026 339 1273 384 obscurior
1289 337 1445 395 anuis)

131 411 383 453 Auruncos
409 407 475 452 ita
498 405 615 451 ferre
641 422 776 452 senes
799 425 810 460 ;
850 405 917 450 liis
942 412 1073 450 ortus
1103 414 1153 450 ut
1179 405 1302 465 agris

132 473 384 519 Dardanus
413 472 562 518 Idaeas
587 472 803 534 Phrygiae
828 469 1090 534 penetrarit
1120 470 1178 515 ad
1207 473 1363 526 urbes,

130 539 495 600 Threiciamque
533 540 743 594 Samum,
796 554 902 600 quae
940 553 1064 583 uunc
1113 537 1445 584 Samothracia

261 604 429 650 fertur.

131 670 256 717 Hinc
283 671 413 716 illum
443 670 638 733 Corythi
661 669 910 733 Tyrrhena
935 670 996 716 ab
1023 669 1134 716 sede
1171 668 1443 731 profectum

130 740 287 783 Aurea
313 754 438 783 nunc
465 738 584 784 solio
610 737 838 784 stellantis
865 737 993 798 regia
1018 735 1128 782 coeli
1351 743 1444 784 21c

130 803 339 864 Accipit,
363 812 414 850 et
432 821 675 849 numerum
705 804 931 849 Divorum
954 803 1188 848 altaribus
1213 801 1367 849 addit.

200 872 392 916 Dixerat
417 887 428 916 t
466 879 512 916 et
538 871 667 916 dicta
692 870 897 916 Ilioneus
923 869 991 915 sic
1017 885 1135 915 voce
1160 879 1378 915 secutus:

155 938 248 993 tex,
276 954 424 999 genus
442 936 681 996 egregium
711 936 875 990 Fauni,
902 952 990 980 nec
1017 934 1242 981 fluctibus
1263 945 1401 982 actos

131 1005 250 1049 Atra
276 1003 464 1064 subegit
490 1004 652 1064 hyems
678 1002 841 1048 vestris
866 1001 1126 1048 succedere
1152 1003 1314 1056 terris:

130 1069 235 1115 Nec
261 1069 392 1115 sidus
414 1069 603 1130 regione
631 1069 718 1115 viae
762 1069 955 1114 littusve
1000 1068 1183 1115 fefellit.

132 1134 345 1182 Consilio
373 1136 492 1182 lianc
519 1152 683 1182 omues
709 1135 977 1197 animisque
994 1134 1262 1181 volentibus
1281 1134 1448 1180 urbem

131 1201 418 1257 Afferinutr;
457 1202 582 1264 pulsi
607 1202 776 1264 regnis,
804 1218 912 1264 quae
934 1202 1139 1247 maxima
1164 1201 1405 1263 quondam

131 1267 359 1314 Extremo
387 1269 578 1314 veniens
600 1270 678 1315 Sol
702 1268 964 1330 aspiciebat
988 1268 1218 1330 Olympo.

130 1334 210 1380 Ab
234 1335 352 1381 Jove
373 1334 662 1396 principium
689 1334 886 1395 generiS,
913 1335 1032 1382 Jove
1054 1334 1280 1381 Dardana
1293 1334 1450 1396 pubes

135 1400 331 1447 Gaudet
356 1417 444 1447 avo
466 1418 478 1454 ;
518 1418 595 1447 rex
622 1401 723 1463 ipse
747 1401 879 1449 Jovis
904 1400 964 1447 de
990 1410 1130 1463 geute
1156 1403 1377 1464 suprema

132 1465 309 1512 Troius
333 1469 506 1514 AEneas
532 1477 612 1514 tua
631 1483 716 1514 nos
743 1467 801 1514 ad
829 1467 987 1513 limina
1012 1467 1152 1515 misit.
1357 1475 1440 1516 ‘221

134 1534 328 1587 Quanta
352 1550 438 1596 per
463 1533 618 1580 Idaeos
646 1534 782 1580 saevis
805 1533 956 1580 effusa
984 1534 1204 1596 Mycenis

132 1599 423 1662 Tempestas
445 1600 555 1647 ierit
579 1616 800 1662 campos;
838 1601 1012 1663 quibus
1037 1607 1174 1647 actus
1196 1608 1396 1661 uterque

131 1667 343 1728 Europoe
361 1674 506 1741 atq-ue
531 1667 654 1713 Asiae
680 1667 788 1714 fatis
806 1667 1101 1714 concurrerit
1126 1667 1254 1713 orbis
1273 1684 1286 1721 ;

131 1731 319 1792 Audiit,
345 1739 394 1778 et
417 1733 455 1779 si
476 1749 616 1795 quem
637 1734 778 1780 tellus
797 1742 1007 1780 extrema
1031 1733 1190 1780 refuso

132 1799 395 1845 Submovet
419 1799 635 1854 Oceano,
675 1808 723 1847 et
749 1800 787 1847 si
811 1817 952 1862 quem
973 1806 1182 1847 ’extenta
1208 1799 1452 1872 plagarum

133 1865 389 1920 Quatuor
379 1882 425 1911 tn
451 1867 610 1912 medio
634 1866 810 1913 dirimit
835 1867 974 1928 plaga
1001 1866 1142 1912 solis
1133 1866 1297 1928 iniqui.

134 1931 331 1978 Diluvio
355 1948 413 1978 ex
439 1928 518 1978 illo
538 1940 610 1979 tot
636 1942 769 1979 vasta
798 1950 877 1992 per
904 1948 1097 1993 aequora
1124 1932 1264 1986 vecti,

133 1997 224 2044 Dis
246 1997 409 2044 sedem
435 1999 651 2060 exiguam
680 1999 846 2062 patriis
864 1999 1098 2060 littusque
1123 2015 1205 2059 rog
1210 2015 1342 2044 amus

134 2064 419 2122 Innocuum,
465 2039 541 2112 eto
555 2065 741 2112 cunctis
771 2067 1044 2128 undamque
1083 2081 1348 2126 auramque
1373 2081 1454 2126 pa-

267 2138 464 2178 tentem.
1360 2138 1454 2180 ⁴230

135 2196 248 2243 Non
273 2198 444 2245 erimus
471 2215 617 2259 regno
656 2198 930 2253 indecores;
970 2215 1057 2245 nec
1080 2206 1237 2245 vestra
1279 2198 1453 2245 feretur

138 2262 280 2308 Fama
305 2263 439 2322 levis,
460 2266 638 2311 tantive
663 2265 904 2312 abolescet
923 2266 1070 2328 gratia
1097 2264 1242 2321 facti;

137 2328 243 2374 Nec
267 2329 464 2392 Trojam
481 2332 720 2380 Ausonios
739 2332 920 2394 gremio
933 2332 1179 2393 excepisse
1200 2329 1401 2393 pigebit.

141 2394 258 2441 Fata
283 2410 369 2457 per
392 2399 553 2445 AEneae
577 2397 711 2458 juro,
733 2398 1044 2460 dextramque
1063 2405 1324 2460 potentem,

139 2459 249 2508 Sive
274 2459 386 2521 fide,
412 2479 493 2512 seu
514 2464 621 2529 quis
648 2464 781 2574 bellsq¹
798 2472 867 2512 est
887 2474 1112 2528 expertus
1136 2473 1184 2511 et
1218 2480 1269 2510 ai
1274 2478 1392 2526 nus

802 2535 830 2576 3
