1586 2704
498 129 761 164 amitinos
804 129 912 162 ΜΒ.
950 130 1004 161 x.
1326 122 1421 168 329

118 243 353 291 Sustinet:
388 254 436 290 et
462 243 667 289 Lausum
693 241 966 304 increpitat,
995 243 1245 304 Lausoque
1265 240 1416 286 mina-

246 317 353 357 tur:
1323 313 1418 354 810

118 373 248 431 Quo,
275 373 516 430 moriture,
535 373 658 420 ruis?
694 372 973 435 majoraque
999 373 1176 418 viribus
1201 372 1384 419 audes?

117 441 250 486 Fallit
276 450 320 486 te
345 441 588 486 incautum
615 440 768 502 pietas
794 447 890 485 tua.
963 439 1065 484 Nec
1095 439 1247 484 minus
1273 439 1350 485 ille

116 507 310 552 Exultat
334 505 560 560 demens:
600 523 737 552 saevae
755 505 956 565 jamque
982 503 1127 551 altius
1154 505 1234 550 irae

115 571 355 618 Dardanio
380 580 577 632 surgunt
598 572 805 627 ductori,
830 580 1137 632 extremaque
1159 571 1316 616 Lauso

115 637 282 683 Parcae
304 638 381 684 fila
399 639 589 697 legunt:
627 637 834 684 validum
856 653 1057 699 namque
1073 637 1216 697 exigit
1241 653 1400 684 ensem

115 703 203 748 Per
227 704 433 749 inedium
462 705 630 751 AEneas
648 704 1158 764 juvenem,totnmque
1183 702 1414 753 recondit.

114 769 320 816 Transiit
346 779 392 816 et
416 786 626 832 parmam
655 787 836 827 niucr0,
864 770 981 816 levia
1006 786 1133 815 arma
1160 770 1376 828 minacis,

113 835 169 880 Et
198 836 426 893 tunicam,
453 837 577 883 molli
603 846 752 884 mater
775 853 916 898 quani
947 844 1135 882 neverat
1159 851 1305 887 θυνος

114 901 431 964 lrnplevitque
457 904 609 949 sinum
638 905 851 964 sanguis:
890 910 987 948 tum
1015 902 1111 947 vita
1134 918 1219 963 per
1243 918 1378 949 auras

113 967 362 1015 Concessit
389 978 556 1018 nioesta
580 968 638 1015 ad
671 969 852 1025 Manes,
885 984 1157 1030 corpusque
1182 969 1383 1031 reliquit.

179 1036 243 1079 At
269 1034 378 1081 vero
405 1044 453 1081 ut
486 1036 665 1081 vultum
695 1036 811 1081 vidit
837 1034 1079 1080 morientis
1104 1044 1148 1079 et
1175 1050 1273 1091 ora,
1322 1042 1410 1083 821

114 1099 211 1144 Ora
238 1101 390 1146 modis
417 1101 726 1148 Anchisiades
751 1100 977 1163 pallentia
1006 1101 1152 1155 miris3

111 1165 348 1226 Ingemuit
369 1167 596 1215 miserans
620 1169 839 1227 graviter,
858 1166 1171 1227 dextramque
1193 1164 1401 1212 tetendit

116 1232 172 1277 Et
203 1242 404 1280 mentem
430 1237 597 1295 patrias·
625 1236 816 1283 strinxit
840 1231 1032 1291 pietatis
1057 1232 1215 1289 imago
1244 1243 1256 1275 ι

115 1298 242 1350 Quid
267 1299 349 1344 tibi
372 1301 792 1355 nunt-,miserande
813 1315 944 1360 puer,
959 1314 1043 1360 pro
1064 1300 1282 1343 laudibus
1299 1297 1415 1354 istis,

115 1363 240 1416 Quid
272 1365 376 1425 pins
403 1366 571 1411 AEneas
598 1367 727 1412 tanta
754 1366 886 1411 dabit
915 1365 1073 1411 indole
1099 1364 1286 1426 dignum
1309 1365 1329 1411 ’ἔ

112 1431 275 1484 Arma,
303 1431 477 1491 quibus
503 1432 705 1488 laetatus,
723 1432 845 1477 habe
863 1441 971 1478 tua:
1010 1440 1150 1492 teque
1168 1439 1416 1492 parentum

113 1495 360 1552 Manibus,
387 1507 432 1544 et
453 1498 616 1555 cineri,
642 1498 796 1560 siqua
824 1507 897 1544 est
922 1514 974 1542 ea
1002 1514 1133 1553 cura,
1165 1497 1369 1543 remitte.

111 1561 220 1607 Hoc
250 1571 407 1609 tamen
431 1564 593 1611 infelix
621 1565 833 1611 miseram
860 1564 1072 1609 solabere
1103 1573 1329 1616 mortem;

109 1627 269 1674 AEneae
298 1630 454 1691 magni
480 1630 648 1677 dextra
674 1630 821 1677 cadis.
892 1631 1115 1690 Increpat
1141 1629 1262 1674 ultro
1323 1635 1418 1676 830

111 1695 406 1742 Cunctantes
432 1697 608 1752 socios,
633 1705 680 1744 et
706 1697 829 1744 terra
858 1696 1080 1743 sublevat
1106 1697 1283 1757 ipsum,

110 1760 348 1821 Sanguine
372 1770 642 1824 turpantem
671 1772 855 1809 comtos
879 1762 936 1808 de
964 1778 1091 1808 more
1118 1762 1333 1822 capillos.

178 1828 360 1882 luterea
387 1830 572 1890 genitor
596 1830 814 1876 Tiberini
841 1829 900 1875 ad
930 1827 1133 1874 fluminis
1160 1827 1336 1874 undam

106 1893 313 1940 Vulnera
332 1894 545 1942 siccabat
569 1895 795 1959 lymphis,
818 1911 1090 1957 corpusque
1113 1894 1317 1948 levabat,

106 1961 307 2008 Arboris
333 1961 529 2008 acclinis
554 1971 757 2009 trunco:
798 1962 966 2024 procul
992 1977 1110 2007 aerea
1136 1962 1273 2006 ramis

107 2026 357 2088 Dependet
383 2029 531 2088 galea,
559 2036 607 2075 et
633 2036 769 2090 prato
805 2028 966 2090 gravia
991 2043 1118 2073 arma
1145 2027 1412 2088 quiescunt.

109 2093 244 2140 Stant
274 2094 386 2141 lecti
410 2094 589 2141 circtNm
611 2095 840 2155 juvenes:
869 2095 970 2157 ipse
996 2110 1136 2155 aeger,
1164 2093 1389 2139 anhelans

107 2160 242 2206 Colla
267 2159 414 2218 fovet,
441 2161 572 2208 fusus
599 2178 854 2223 propexam
881 2163 927 2207 in
955 2172 1148 2223 pectore
1176 2160 1388 2206 barbam.

106 2226 265 2273 Multa
287 2243 427 2289 snper
440 2229 591 2274 Lauso
613 2228 1084 2290 rogitat,multosque
1100 2226 1295 2273 remittit
1317 2233 1411 2283 839

106 2291 202 2345 Qui
225 2304 465 2352 revocent,
483 2295 736 2356 moestique
762 2294 915 2341 ferant
940 2293 1160 2339 mandata
1184 2293 1410 2355 parentis.

171 2361 234 2405 At
253 2359 454 2407 Lausum
473 2362 592 2409 socii
609 2361 870 2408 exanimem
891 2376 1034 2421 super
1052 2375 1180 2406 arma
1195 2359 1284 2404 fere
1295 2360 1409 2404 bant

109 2424 313 2481 Flentes»,
339 2426 596 2489 ingentem,
624 2436 770 2490 atque
793 2426 970 2489 ingenti
997 2427 1189 2472 vulnere
1215 2426 1408 2471 victum.

104 2491 310 2551 Agnovit
336 2492 476 2555 longe
500 2494 729 2555 gemitum
757 2508 968 2556 praesaga
994 2493 1102 2539 mali
1128 2507 1274 2538 mens·

102 2557 333 2606 Canitiem
359 2559 604 2609 immundo
629 2559 862 2608 deformat
887 2559 1096 2622 pulvere,
1124 2567 1169 2605 et
1196 2558 1360 2604 ambas
