1607 2700
107 65 186 106 152
455 75 504 107 P.
534 72 787 108 VIRGILII
817 73 1081 108 MARONts

96 192 258 247 Quam
285 192 386 239 tuta
416 193 568 254 possis
593 193 756 240 urbem
782 210 1066 256 componere
1090 194 1222 240 terra.

96 260 242 317 Signa
267 259 353 305 tibi
373 259 546 317 dicam,
569 269 620 307 tu
644 259 834 307 condita
863 269 1018 307 mente
1045 270 1222 307 teneto.

96 326 219 372 Cum
245 326 330 372 tibi
350 327 556 374 sollicito
582 328 750 374 secreti
772 327 830 373 ad
859 326 1063 374 fluminis
1089 328 1264 374 undant

95 392 321 439 Littoreis
346 394 509 456 ingens
530 395 719 440 inventa
744 395 832 439 sub
854 394 1044 440 ilicibus
1070 410 1164 450 sus,
1324 398 1422 447 390

95 460 313 518 Triginta
337 461 549 522 capitum
577 460 717 506 foetus
739 461 878 505 enixa
896 460 1101 520 jacebit,

95 526 237 579 Alba,
265 527 366 572 solo
391 528 640 582 recubans,
667 526 759 572 albi
787 526 969 572 circum
994 527 1141 573 ubera
1161 527 1255 573 nati
1279 544 1290 580 3

92 591 140 637 Is
164 593 299 639 locus
327 595 454 640 urbis
480 594 596 639 erit:
634 592 823 654 requies
850 608 905 639 ea
929 603 1059 639 certa
1085 594 1321 640 laborum.

92 659 200 706 Nec
227 669 276 705 tu
298 676 564 707 mensarum
593 675 774 707 morsus
796 659 1013 706 horresce
1037 658 1236 706 futuros.

94 726 214 773 Fata
237 727 360 772 viam
387 727 640 780 invenient,
664 726 913 788 aderitque
940 736 1143 773 vocatus
1165 726 1355 789 Apollo.

93 794 196 839 Has
221 803 381 840 autem
409 801 573 849 terraS‚
601 792 808 855 Italique
835 795 956 839 hanc
983 793 1149 839 littoris
1175 810 1323 849 oram,

94 860 316 906 Proxima
342 877 449 923 quae
475 860 623 906 nostri
649 859 948 922 perfunditur
973 860 1179 922 aequoris
1202 870 1339 916 aestu‚

93 925 296 990 Effuge:
336 935 514 974 cuncta
539 927 670 973 malis
696 928 975 974 habitantur
1013 927 1185 974 moenia
1212 927 1390 974 Graiis.

95 993 192 1040 Hic
217 1002 266 1041 et
290 995 484 1058 Narycii
510 1004 774 1055 posuerunt
800 993 971 1041 moenia
999 995 1156 1051 Locri,

92 1061 156 1107 Et
182 1061 453 1108 Salentinos
479 1061 670 1108 obsedit
694 1062 840 1108 milite
865 1076 1058 1122 campos
1327 1068 1424 1108 400

92 1126 294 1190 Lyctius
319 1127 634 1175 Idomeneus:
675 1129 748 1174 hic
773 1128 850 1174 illa
876 1128 1011 1174 ducis
1037 1127 1252 1175 Meliboei

93 1193 243 1241 Parva
270 1195 551 1242 Philoctetae
578 1195 780 1242 subnixa
804 1195 984 1241 Petelia
1006 1211 1155 1242 muro.

95 1261 241 1318 Quin,
257 1262 338 1308 ubi
352 1263 640 1308 transmissae
653 1261 869 1308 steterint
881 1270 1007 1308 trans
1021 1278 1213 1322 aequora
1230 1263 1423 1320 classes,

92 1328 156 1374 Et
180 1329 351 1391 positis
378 1329 471 1375 aris
490 1329 595 1390 jam
622 1336 733 1374 vota
758 1330 801 1374 in
828 1328 986 1374 littore
1012 1327 1192 1383 solves;

93 1395 344 1458 Purpureo
368 1396 522 1442 velare
547 1411 706 1442 comas
731 1394 988 1457 adopertus
1014 1395 1193 1442 amictu
1215 1414 1227 1451 ;

93 1462 169 1508 Ne
190 1479 285 1525 qua
309 1464 428 1510 inter
451 1470 640 1509 sanctos
660 1462 792 1524 ignes
819 1459 865 1507 in
888 1462 1068 1509 honore
1097 1465 1310 1509 Deorum

94 1529 298 1576 Hostilis
324 1530 472 1576 facIes
494 1538 733 1585 occurrat,
761 1537 808 1575 et
835 1528 993 1575 omina
1016 1529 1192 1576 turbet.

95 1596 243 1643 Hunc
265 1596 380 1643 socii
406 1612 589 1642 morem
609 1611 869 1651 sacrorum,
898 1595 1024 1642 hunc
1044 1595 1145 1658 ipse
1172 1605 1359 1646 teneto:

95 1663 205 1709 Hac
231 1665 353 1711 casti
379 1670 602 1710 maneant
627 1662 673 1707 in
698 1662 923 1724 religione
943 1671 1159 1724 nepotes.

94 1732 187 1777 Ast
213 1730 296 1776 ubi
321 1730 585 1791 digressum
613 1730 785 1776 Siculae
807 1738 851 1776 te
877 1728 1142 1776 admoverit
1166 1746 1262 1775 orae
1332 1737 1428 1779 410

97 1799 298 1854 ¹sentus,
325 1807 374 1844 et
399 1797 590 1860 angusti
610 1804 854 1844 rarescent
878 1796 1086 1843 claustra
1112 1796 1293 1851 Pelori;

97 1865 242 1912 Laeva
267 1864 353 1912 tibi
379 1865 532 1922 telluS‚
558 1872 605 1911 et
631 1864 772 1926 longo
798 1863 919 1910 laeva
941 1871 1167 1925 petantur

97 1933 311 1994 AEquora
334 1930 569 1978 circuitu:
606 1930 830 1977 dextrum
857 1930 969 1991 fuge
995 1930 1125 1976 littus
1151 1939 1198 1978 et
1223 1929 1394 1976 undas.

97 1998 222 2045 Haec
245 1999 370 2055 loca,
409 1997 454 2044 vi
480 1998 720 2061 quondam
748 2006 796 2044 et
821 1999 955 2044 vasta
976 1999 1205 2044 convulsa
1228 1999 1363 2044 ruina

98 2065 331 2124 (Tantum
355 2065 444 2112 aevi
468 2065 728 2128 longinqua
754 2064 881 2110 valet
906 2073 1087 2111 mutare
1113 2068 1342 2123 vetustas)

99 2132 379 2181 Dissiluisse
399 2130 586 2180 ferunt:
628 2132 736 2178 cum
763 2139 988 2193 protenus
1011 2139 1212 2193 utraquc
1239 2131 1378 2178 tellus

98 2201 206 2247 Una
233 2198 382 2247 foret:
422 2199 548 2245 venit
574 2199 732 2245 medio
754 2199 795 2245 vi
822 2208 1018 2260 pontus,
1044 2205 1092 2244 et
1118 2199 1254 2244 undis

102 2266 388 2327 Hesperium
416 2265 578 2312 Siculo
604 2265 728 2312 latus
747 2264 971 2321 abscidit,
999 2280 1205 2326 arvaque
1226 2274 1273 2311 et
1292 2265 1431 2311 urbes

101 2332 284 2379 Littore
310 2333 532 2379 diductas
558 2341 760 2395 angusto
787 2332 997 2378 interluit
1027 2340 1164 2378 aestu.

101 2400 337 2446 Dextrum
359 2399 679 2462 Scyllalatus‚
701 2400 874 2446 laevum
892 2398 1147 2461 implacata
1167 2397 1434 2462 Charybdis

102 2465 328 2523 obsidam
368 2475 511 2528 atque
529 2464 624 2512 imo
643 2466 853 2528 barathri
872 2473 940 2512 ter
959 2464 1144 2529 gurgite
1167 2475 1325 2514 vastos
1338 2473 1428 2514 421
