1607 2700
564 58 826 94 AENEmos
871 58 979 92 Llss.
1021 58 1069 93 v.
1394 54 1477 103 191

183 181 446 228 Nexautem
475 178 631 237 nodis,
671 193 815 240 seque
831 178 877 224 in
891 194 974 224 sua
987 179 1197 226 membra
1210 179 1483 243 plicantem.

183 248 289 294 Tali
313 246 504 309 remigio
525 246 653 291 navis
680 261 728 291 se
753 244 890 291 tarda
915 247 1166 299 movebat3
1390 254 1484 296 280

183 314 297 360 Vela
322 313 434 358 facit
459 321 631 367 tamen,
658 319 706 358 et
731 311 880 374 plenis
903 311 1032 357 subit
1057 312 1181 358 ostia
1206 312 1332 360 velis.

182 380 449 442 Sergestum
472 379 636 424 AEneas
661 378 892 441 promisso
914 393 1106 423 munere
1123 377 1286 435 donat,

182 446 416 492 Servatam
444 445 507 491 ob
532 460 697 491 navem
717 444 855 491 laetus
881 444 1129 506 sociosque
1153 444 1395 491 reductos.

182 511 274 558 Olli
300 527 434 557 serva
459 511 615 567 datur,
642 527 839 574 operum
865 510 991 556 haud
1018 511 1179 573 ignara
1204 511 1434 557 Minervae

181 579 351 624 Cressa
375 595 540 640 genus,
563 579 762 633 Pholoe,
784 577 1049 639 geminique
1076 577 1167 623 sub
1193 578 1338 623 ubere
1369 583 1487 628 nati.

246 645 353 691 Hoc
375 645 480 707 pius
505 647 671 692 AEneas
696 645 839 692 misso
864 643 1116 690 certamine
1137 643 1291 690 tendit

181 710 492 758 Gramineum
513 712 558 758 in
596 727 839 775 campum,
883 727 1025 773 quem
1050 710 1252 758 collibus
1276 710 1486 773 undique

314 795 471 824 curvis

180 843 453 908 Cingebant
477 845 634 900 silvae;
662 843 912 905 mediaque
937 843 981 889 in
1009 843 1126 889 valle
1151 843 1324 890 theatri

180 910 343 958 Circus
361 920 478 967 erat,
506 911 603 974 quc
630 928 679 957 se
705 911 861 963 multis
888 927 996 956 cum
1023 910 1230 956 millibus
1257 911 1395 956 heros

180 977 420 1025 Cousessu
440 977 647 1025 medium
665 978 786 1033 tulit,
809 985 1130 1039 extructoque
1150 977 1341 1024 resedit.
1393 984 1488 1033 ‘290

180 1043 294 1100 Hic,
322 1044 402 1106 qui
429 1044 551 1091 sorte
577 1044 715 1091 velint
737 1042 906 1106 rapido
932 1042 1220 1090 contendere
1247 1060 1406 1100 cursu,

178 1110 355 1157 Invitat
375 1111 534 1173 pretiis
560 1111 757 1166 animm,
784 1120 833 1157 et
852 1110 1045 1173 praemia
1071 1110 1221 1172 pouit.

179 1176 402 1240 Undique
420 1178 712 1225 conveniunt
730 1177 922 1234 Teucri,
951 1177 1171 1240 mistique
1193 1177 1357 1224 Sicani
1374 1194 1386 1233 ;

177 1242 321 1290 Nisus
337 1253 383 1291 et
409 1244 653 1306 Euryalus,
679 1244 829 1306 primi.

179 1311 412 1373 Euryalus
438 1311 590 1357 form-51
617 1311 826 1373 insignis,
852 1309 1085 1372 viridique
1104 1309 1335 1371 juventu:

178 1377 342 1433 Nisus,
365 1393 523 1424 amore
550 1378 631 1440 pio
658 1377 820 1438 pueri:
860 1393 978 1439 quos
1004 1376 1177 1422 deinde
1204 1388 1397 1423 secutus

178 1442 352 1505 Regius
376 1444 561 1506 egregia
590 1444 759 1490 Priami
784 1443 844 1490 de
869 1443 1016 1505 stirpe
1045 1444 1213 1489 Diores
1235 1461 1245 1490 ε
1342 1446 1450 1506 [nan
1471 1462 1483 1499 ;

178 1510 321 1556 Hunc
348 1510 513 1568 Salius,
542 1511 679 1556 simul
695 1519 741 1557 et
758 1511 954 1566 Patr0n;
982 1526 1183 1572 quorum
1205 1510 1321 1556 alter
1339 1515 1486 1558 Acar-

177 1577 310 1624 Alter
335 1577 396 1623 ab
421 1576 645 1632 ArcadiA,
671 1577 889 1639 Tegeaeae
910 1577 1135 1638 sauguine
1161 1577 1328 1635 gentis.

175 1643 299 1689 Tum
314 1642 877 1704 duoTrinacriijuvenes,
900 1643 1133 1705 Helymus
1154 1644 1483 1706 Panopesque,

175 1710 369 1756 Assueti
393 1709 536 1767 silvis,
564 1711 760 1757 comites
786 1710 982 1758 senioris
1007 1713 1217 1758 Acestae.
1388 1718 1479 1760 301

177 1771 226 1818 M
237 1776 319 1823 ulti
345 1784 590 1839 praeterea,
618 1793 738 1839 quos
759 1778 880 1824 fania
905 1777 1110 1825 obscura
1133 1776 1368 1825 recondit.

173 1842 344 1889 AEneas
370 1843 546 1904 quibus
570 1844 616 1890 in
637 1844 802 1890 mediis
829 1844 896 1891 sic
922 1843 1094 1891 deinde
1121 1844 1338 1892 locutus:

242 1909 463 1971 Accipite
475 1911 575 1956 haec
587 1910 1012 1972 animis‚laetasque
1023 1910 1256 1959 advertite
1274 1920 1480 1959 mentes:

174 1975 330 2022 Nemo
353 1993 409 2022 ex
436 1977 526 2023 lioc
552 1993 746 2023 numero
773 1977 884 2024 mihi
909 1993 1003 2023 non
1025 1976 1230 2025 donatus
1258 1978 1428 2025 abibit.

175 2043 355 2090 Gnosia
408 2043 521 2090 bina
546 2043 672 2090 dabo
699 2045 870 2091 laevato
896 2043 1059 2091 lucida
1082 2043 1206 2092 ferro

175 2108 387 2171 Spicula,
414 2112 725 2172 caelatamque
745 2120 944 2175 argento
969 2110 1090 2158 ferre
1117 2110 1401 2174 bipennem;

175 2175 413 2223 Omnibus
430 2177 505 2224 hic
524 2178 609 2224 erit
625 2179 923 2226 unuslionos.
993 2178 1116 2225 Tres
1128 2178 1324 2241 praemia
1342 2178 1481 2242 primi

174 2243 444 2304 Accipient,
471 2243 688 2307 flavaque
713 2253 858 2308 caput
881 2252 1137 2292 nectentur
1159 2246 1298 2292 oliva.
1385 2253 1481 2304 309

175 2309 354 2356 Primus
377 2327 553 2374 equum
581 2311 781 2372 phaleris
806 2312 1032 2375 insignem
1060 2311 1214 2359 victor
1232 2313 1423 2359 habeto.

175 2375 309 2422 Alter
327 2378 630 2425 Amazoniam
652 2379 931 2439 pharetram,
952 2378 1239 2442 plenamque
1265 2380 1446 2441 sagittis

173 2442 403 2490 Threiciis
425 2460 437 2500 3
472 2444 568 2493 lato
594 2460 734 2508 quani
763 2444 942 2493 circum
968 2445 1277 2508 amplectitur
1300 2461 1415 2492 auro
