1546 2686
143 80 211 128 74
481 94 531 129 P.
571 91 811 126 vlnumu
851 89 1105 125 MARoms

144 211 199 258 In
233 227 421 258 nemora
473 213 569 257 alta
603 224 807 255 vocans:
845 224 930 254 nec
979 216 1029 253 tu
1065 209 1311 267 aspernata
1359 213 1444 248 vo*

272 285 475 325 cantem.

209 348 275 390 At
297 344 375 391 cui
388 345 523 392 lactis
540 362 684 404 amor,
702 347 906 410 cytisum
943 348 1166 408 lotosque
1176 345 1445 407 frequentes

145 410 253 470 Ipse
278 427 417 458 mauu
470 412 709 473 salsasque
732 413 852 459 ferat
876 413 1168 474 praesepibus
1192 412 1378 457 herbas.

147 477 271 522 Hinc
295 486 342 524 et
364 477 703 524 amantfluvios
729 478 897 540 magiS‚
935 495 992 525 ac
1017 478 1165 540 magis
1179 479 1323 524 ubera
1348 486 1446 524 ten·

149 544 205 589 Et
229 542 332 589 salis
348 544 591 590 oecultum
607 542 812 590 referunt
830 545 876 590 in
898 544 1020 591 lacte
1036 560 1270 605 saporem.
1289 544 1444 605 [dunt,

147 608 395 669 Multijam
436 618 652 656 excretos
677 610 933 670 prohibent
957 626 984 656 a
1008 610 1237 667 matribus
1262 609 1444 667 haedos,

142 672 392 737 Primaque
416 675 596 722 ferratis
616 674 871 738 praefigunt
895 692 979 722 ora
1002 677 1232 738 capistris.
1350 684 1447 733 399

143 740 286 794 Quod
313 749 531 803 surgente
556 742 630 789 die
656 744 853 789 mulsere
880 742 1102 804 horisque
1127 742 1322 799 diurnis,
1361 745 1446 804 [te,

144 807 298 854 Nocte
317 818 555 868 premunt:
593 808 722 872 quod
742 809 844 870 jam
870 808 1074 855 tenebris
1095 816 1144 855 et
1167 809 1260 855 sole
1281 809 1449 855 caden-

141 873 243 919 Sub
268 872 421 920 lucem
445 884 695 936 exportans
722 874 923 921 calathis
948 875 1048 921 adit
1066 874 1244 937 oppida
1268 884 1445 937 pastor,

143 940 239 988 Aut
262 954 407 1000 parco
434 941 526 986 sale
551 942 831 1003 contingunt
856 941 1104 1004 hyemique
1128 949 1380 1002 reponunt.

208 1006 310 1051 Nec
336 1006 417 1051 tibi
444 1022 557 1054 cura
580 1025 746 1055 canum
773 1007 913 1054 fuerit
937 1016 1207 1069 postrema:
1246 1008 1325 1053 sed
1354 1004 1447 1053 uua

145 1071 339 1117 Veloces
365 1072 546 1134 Spartae
571 1076 752 1123 catulos
807 1090 1062 1135 acremque
1089 1073 1348 1119 Molossum

141 1137 289 1184 Pasce
315 1153 418 1184 sero
444 1140 628 1200 pingui:
666 1157 907 1202 nunquam
933 1139 1212 1187 custodibus
1236 1139 1326 1185 illis

139 1203 436 1250 Nocturnum
458 1207 654 1253 stabulis
680 1207 843 1261 furem,
870 1207 1177 1268 incursusque
1202 1206 1440 1269 luporum,

142 1274 239 1318 Aut
261 1272 521 1331 impacatos
546 1290 572 1320 a
596 1282 726 1336 tergo
753 1275 965 1322 horrebis
991 1274 1168 1320 Iberos

142 1337 280 1398 Saepe
304 1337 442 1383 etiam
464 1354 606 1386 cursu
629 1341 816 1387 timidos
842 1340 1042 1401 agitabis
1063 1354 1261 1400 onagros
1281 1356 1292 1392 ;

143 1403 203 1449 Et
219 1403 653 1467 canibusleporem,
677 1407 876 1452 canibus
889 1405 1122 1452 venabere
1137 1405 1310 1450 damas.
1349 1409 1444 1451 410

142 1469 279 1531 Saepe
303 1468 560 1517 volutabris
585 1473 746 1535 pulsos
774 1471 1066 1519 silvestribus
1093 1487 1230 1531 apros

144 1536 333 1582 Latratu
360 1537 571 1584 turbabis
597 1555 758 1599 agens;
797 1547 1077 1598 montesque
1102 1552 1187 1600 per
1209 1536 1329 1582 altos

142 1602 386 1661 Ingentem
413 1603 618 1651 clamore
637 1620 825 1665 premes
850 1605 908 1650 ad
933 1604 1053 1650 retia
1078 1619 1285 1649 cervum.

212 1668 352 1714 Disce
376 1676 423 1714 et
445 1669 690 1716 odoratam
715 1670 911 1717 stabulis
936 1670 1195 1716 accendere
1216 1667 1429 1723 cedrum,

141 1734 490 1796 Galbaneoque
515 1737 690 1798 agitare
713 1753 879 1799 graves
905 1735 1070 1784 nidore
1095 1733 1362 1797 chelydros.

141 1802 273 1862 Saepe
298 1802 388 1847 sub
409 1802 612 1849 immotis
638 1802 930 1864 praesepibus
950 1810 1032 1848 aut
1056 1802 1177 1847 mala
1202 1809 1334 1847 tactu

140 1867 314 1929 Vipera
332 1867 531 1926 delituit,
571 1869 837 1931 coelumque
854 1868 1071 1915 exterrita
1092 1867 1214 1929 fugit
1235 1885 1246 1922 ;

139 1938 239 1982 Aut
264 1942 389 1980 tecto
426 1944 642 1982 assuetus
667 1935 864 1982 coluber
899 1928 1152 1980 succedere
1176 1941 1224 1979 et
1249 1931 1445 1987 umbrae,

139 1999 294 2045 Pestis
319 2001 490 2047 acerba
512 2002 667 2062 boum,
710 2001 965 2063 pecorique
982 2016 1226 2062 aspergere
1254 2000 1393 2053 virus,

139 2065 273 2112 Fovit
311 2067 534 2115 humum:
591 2084 708 2130 cape
756 2083 869 2114 saxa
905 2083 1064 2123 manu,
1102 2083 1220 2129 cape
1255 2065 1446 2120 robora,

268 2139 447 2192 pastor,
1350 2139 1446 2179 420

136 2196 500 2261 Tollentemque
520 2199 669 2245 minas
693 2207 739 2246 et
754 2199 889 2246 sibila
912 2199 1032 2246 colla
1056 2206 1313 2245 tumentem

137 2263 305 2324 Dejice
327 2281 338 2310 ε
366 2264 566 2327 jamque
589 2265 700 2328 fuga
726 2265 939 2312 timidum
958 2273 1102 2327 caput
1124 2264 1311 2310 abdidit
1334 2264 1444 2319 alte,

139 2329 260 2376 curn
285 2331 429 2377 medii
453 2348 600 2378 nexus
626 2341 945 2395 extremaeque
969 2332 1154 2394 agmina
1179 2331 1347 2378 caudae

138 2396 410 2452 Solvuntur,
449 2397 701 2460 tardosque
726 2399 866 2444 trahit
891 2399 1019 2444 sinus
1045 2397 1231 2443 ultimus
1257 2398 1412 2443 orbes.

136 2461 220 2508 Est
244 2464 386 2509 etiam
411 2464 483 2510 ille
509 2465 654 2510 malus
682 2464 897 2510 Calabris
921 2464 966 2509 in
992 2464 1188 2510 saltibus
1213 2464 1395 2526 anguis,

136 2528 370 2591 squamea
389 2530 672 2578 convolvens
686 2531 872 2578 sublato
895 2537 1090 2595 pectore
1115 2537 1260 2594 terga,
