1607 2700
146 68 230 115 172
472 74 520 108 P.
559 72 806 108 VIRG1L11
849 73 1110 107 MARoms

144 193 236 238 Hic
256 208 407 248 amor,
436 193 537 238 baec
563 192 715 255 patria
739 201 825 239 est.
865 192 912 238 Si
932 201 977 238 te
1004 192 1302 253 Carthaginis
1318 209 1453 239 arces

142 258 452 314 Phoenissam,
481 259 774 321 Libycaeque
799 267 1024 320 aspectus
1050 259 1230 305 detinet
1258 259 1384 304 urbis
1407 275 1419 312 ;

142 325 264 378 Quae
291 325 482 371 tandem
508 326 719 371 Ausonia
742 325 958 371 Teucros
995 325 1243 370 considere
1269 327 1389 371 terrss„¹

141 391 328 437 Invidia
345 393 446 438 est?
484 400 530 438 et
554 408 638 437 nos
662 391 729 437 fas
750 398 908 436 extera
929 407 1136 452 quaerere
1161 407 1320 452 regna.
1361 397 1456 439 350

143 458 224 502 Me
251 457 395 518 patris
422 458 660 513 Anchisae,
689 457 876 518 quoties
903 456 1209 503 humentibus
1243 457 1422 503 umbris

142 523 252 569 Nox
278 524 434 586 operit
459 533 621 579 terras,
650 523 835 584 quoties
859 530 986 569 astra
1009 524 1146 582 ignea
1171 534 1388 586 surgunt,

140 589 378 636 Admonet
404 591 449 635 in
475 590 652 635 somnis
677 598 726 634 et
749 588 941 634 turbida
965 597 1106 636 terret
1131 590 1302 652 imagO.

142 656 226 702 Me
260 673 380 719 puer
405 656 655 711 Ascanius,
683 654 948 716 capitisque
971 653 1143 716 injuria
1167 657 1279 709 cari,

143 722 301 775 Quem
326 737 471 781 regno
497 721 742 784 Hesperiae
767 719 936 767 fraudo
960 730 1007 767 et
1031 721 1250 768 fatalibus
1286 721 1420 768 arviS.

127 787 285 834 ‘Nunc
302 788 445 833 etiam
473 788 702 850 interpres
721 786 913 843 Divfim,
931 789 1048 834 Jove
1065 788 1236 834 missus
1255 788 1315 834 ab
1332 789 1455 850 ipso,

142 854 339 911 (Testor
350 851 602 915 utrumque
614 856 781 916 caput)
799 855 972 900 celeres
991 853 1216 901 mandata
1227 870 1310 916 per
1321 870 1457 900 auras

144 920 348 967 Detulit.
418 921 529 983 Ipse
555 922 712 967 Deum
737 920 992 967 manifesto
1016 920 1062 965 in
1088 920 1266 967 lumine
1291 920 1388 966 vidi

142 986 401 1033 latrantem
427 1004 607 1044 muros,
636 1002 902 1048 vocemque
929 987 1000 1032 his
1020 986 1214 1033 auribus
1241 986 1392 1034 hausi.

142 1053 338 1109 Desine,
364 1070 533 1115 meque
559 1052 652 1100 tuis
679 1052 950 1109 incendere,
977 1062 1117 1116 teque
1143 1054 1347 1116 querelis
1369 1069 1379 1099 :

142 1119 330 1165 Italiam
351 1135 446 1165 non
472 1128 645 1181 sponte
671 1135 865 1181 sequor.
1363 1117 1454 1168 361

207 1186 350 1233 Talia
374 1186 613 1233 dicentem
632 1185 924 1247 jamdudum
950 1201 1113 1232 aversa
1137 1193 1313 1242 tuetur,

143 1251 253 1298 Huc
279 1252 391 1299 illuc
412 1252 605 1298 volvens
630 1252 814 1308 ocuIOS,
842 1259 1093 1314 totumque
1117 1261 1330 1315 pererrat

142 1318 423 1365 Luminibus
447 1319 623 1372 tacitis,
649 1326 697 1365 et
723 1318 790 1365 sic
815 1334 1019 1364 accensa
1043 1319 1282 1380 profatur:

141 1385 249 1431 Nec
268 1386 349 1432 tibi
371 1386 492 1431 Diva
509 1401 693 1447 parens,
713 1385 892 1446 generis
904 1400 992 1430 nec
1007 1385 1260 1432 Dardanus
1277 1393 1460 1442 auctor,

143 1452 344 1507 Perfide,
373 1452 449 1498 sed
473 1452 604 1498 duris
625 1452 787 1513 genuit
813 1461 858 1498 te
884 1452 1108 1498 cautibus
1136 1453 1329 1499 horrens

143 1519 403 1573 Caucasus,
445 1519 780 1580 Hyrcanaeque
818 1517 1079 1565 admorunt
1099 1519 1246 1566 ubera
1271 1520 1426 1580 tigres.

142 1585 268 1630 Nam
305 1584 419 1646 quid
458 1585 742 1630 dissimulo?
795 1593 878 1630 aut
914 1600 1022 1645 quae
1057 1601 1132 1631 me
1168 1585 1229 1632 ad
1277 1586 1463 1647 majora

275 1667 459 1696 reservo
479 1650 498 1696 ’.Ι

143 1717 269 1762 Num
292 1716 407 1763 fletu
431 1716 658 1778 ingemuit
681 1716 875 1763 nostro?
900 1732 1011 1763 num
1037 1716 1214 1763 lumina
1238 1715 1396 1764 flexit!

144 1784 272 1829 Num
299 1785 533 1847 lacrymas
555 1784 709 1830 victus
728 1782 889 1830 dedit?
925 1792 1007 1830 aut
1028 1783 1274 1830 miseratus
1299 1800 1460 1829 aman-

278 1859 375 1897 tem
399 1850 499 1896 est?
1366 1859 1463 1904 370

146 1917 269 1970 Quae
283 1917 458 1979 quibus
470 1915 1088 1976 anteferam‘Zjamjamnec
1102 1916 1461 1973 maximaJuno,

145 1984 249 2028 Nec
275 1983 524 2031 Saturnius
551 1983 655 2029 liaec
681 1982 833 2030 oculis
858 1991 996 2044 pater
1019 1982 1193 2044 aspicit
1217 1983 1382 2045 aequis.

144 2050 399 2111 Nusquam
427 2057 529 2095 tuta
553 2048 688 2095 fides.
764 2049 988 2110 Ejectum
1014 2049 1185 2105 littore,
1210 2060 1428 2112 egentem

147 2116 349 2177 Excepi,
375 2125 424 2163 et
448 2115 579 2178 regni
603 2117 796 2162 demens
818 2115 865 2160 in
891 2125 1025 2177 parte
1044 2116 1197 2161 locavi
1218 2134 1231 2171 ;

147 2182 383 2228 Amissam
410 2182 629 2237 classem,
657 2184 812 2228 socios
838 2198 865 2228 a
892 2190 1042 2228 morte
1066 2181 1247 2228 reduxi.

150 2248 283 2294 Heu!
322 2248 472 2295 Furiis
498 2248 693 2294 incensa
717 2248 862 2295 feror.
935 2249 1078 2295 Nunc
1102 2265 1252 2309 augur
1269 2248 1461 2309 Apollo,

150 2314 292 2360 Nunc
318 2314 482 2376 Lyciae
517 2322 682 2370 sortes,
709 2331 836 2361 nunc
862 2323 910 2361 et
932 2316 1052 2362 Jove
1077 2315 1249 2361 missus
1275 2316 1336 2362 ab
1358 2315 1463 2376 ipso

150 2381 387 2443 Interpres
417 2380 587 2428 Divum
614 2380 704 2427 fert
730 2381 921 2428 horrida
938 2381 1073 2442 jussa
1096 2395 1182 2442 per
1206 2397 1364 2427 auras.

152 2447 347 2494 Scilicet
370 2447 409 2493 is
435 2447 624 2510 Superis
649 2447 784 2494 labor
805 2456 896 2505 est,
924 2463 979 2494 ea
1003 2462 1119 2493 cura
1144 2447 1331 2509 quietos
1367 2453 1461 2502 379
