1586 2704
93 86 188 128 332
433 65 480 127 r.
517 93 763 127 VlRGILH
806 93 1069 127 Manoms

591 229 782 274 LIBER
815 228 899 274 XI.

95 322 403 380 OCEANUM
432 332 610 380 interea
635 351 828 397 surgens
857 337 1042 382 Aurora
1065 335 1272 397 reliquit.
1303 334 1399 397 [dis

96 399 268 445 AEneas
291 400 599 461 (quamquam
623 410 670 447 et
696 401 836 446 sociis
856 401 967 447 dare
993 410 1178 463 tempus
1202 403 1398 447 human-

95 464 408 526 Praecipitant
432 482 576 517 curae.
601 467 887 527 turbataque
913 466 1074 513 funere
1103 484 1230 514 mens
1256 470 1347 524 est)

96 530 220 575 Vota
247 529 399 576 Defim
426 533 580 593 primo
608 532 759 578 victor
784 532 1000 579 solvebat
1023 533 1137 579 Eoo.

97 595 342 657 Ingentem
370 613 599 658 quercum
628 597 797 643 decisis
826 599 1036 660 undique
1058 599 1197 644 ramis

100 662 359 708 Constituit
386 664 586 720 tumulo,
612 663 937 726 fulgentiaque
965 664 1115 710 induit
1141 680 1285 721 arma,

100 727 314 774 Mezenti
341 729 475 774 ducis
502 729 724 782 exuvias;
765 731 869 787 tibi,
896 746 1081 791 magne,
1107 739 1358 791 tropaeum,

101 793 418 854 Bellipotens:
458 803 590 870 aptant
615 804 827 843 rorantes
854 797 1080 856 sanguine
1108 797 1292 852 cristas,

98 859 311 921 Telaque
338 868 506 907 trunca
533 862 633 919 viri,
663 872 707 908 et
737 863 805 909 bis
831 880 911 909 sex
929 837 1129 909 thoraca
1148 862 1348 925 petitum
1374 868 1405 918 9

103 924 468 987 Perfossumque
495 928 640 982 locis;
675 929 996 991 clypeumque
1021 946 1078 975 ex
1095 945 1186 975 aere
1206 929 1406 974 sinistrae

105 991 343 1054 Subligat,
369 1002 514 1054 atque
541 1011 700 1041 ensem
727 996 847 1041 collo
874 996 1115 1069 suspendit
1140 997 1390 1041 eburnum.

103 1058 223 1105 Tum
253 1061 407 1104 socios
432 1065 657 1122 (namque
684 1063 834 1107 omnis
860 1078 966 1107 eum
996 1062 1173 1124 stipata
1199 1061 1392 1122 tegebat

102 1122 269 1169 Turba
289 1123 487 1184 ducum)
513 1127 580 1173 sic
606 1127 841 1203 incipiens
866 1128 1080 1174 hortatur
1104 1138 1330 1173 ovantes:

103 1190 320 1236 Maxima
345 1207 418 1237 res
444 1192 634 1249 effecta,
662 1195 771 1248 viri3
811 1195 949 1239 timor
973 1194 1123 1239 omnis
1146 1194 1330 1250 abesto,

107 1256 248 1309 Quod
263 1260 613 1317 superest;l1aec
631 1268 742 1305 sunt
759 1259 927 1320 spolia,
941 1269 986 1305 et
1002 1260 1058 1305 de
1077 1276 1186 1321 rege
1199 1258 1409 1320 superbo

107 1322 359 1377 Primitiae3
399 1325 717 1387 manibusque
744 1326 854 1372 meis
881 1325 1148 1372 Mezentius
1177 1325 1252 1371 liic
1279 1335 1369 1372 est.

106 1387 252 1435 Nunc
277 1389 366 1436 iter
390 1390 448 1435 ad
476 1406 630 1451 regem
660 1392 795 1438 nobis
821 1408 1074 1452 murosque
1101 1393 1308 1438 Latinos.

106 1455 253 1500 Arma
277 1463 459 1517 parate,
486 1458 652 1504 animis
680 1467 725 1504 et
752 1474 834 1517 spe
860 1459 1130 1519 praesumite
1160 1457 1367 1513 bellum;

106 1520 183 1566 Ne
209 1537 300 1583 qua
331 1539 460 1568 mora
486 1524 675 1584 ignaros
699 1524 801 1582 (ubi
826 1524 1025 1585 primum
1056 1525 1222 1570 vellere
1250 1523 1379 1584 signa

108 1588 373 1634 Anuuerint
398 1590 580 1650 Superi,
607 1591 883 1651 pubemque
909 1592 1112 1636 educere
1137 1589 1324 1646 castris)
1349 1595 1412 1637 20

108 1651 366 1714 Impediat,
395 1671 652 1717 segnesque
679 1664 807 1701 metu
833 1657 1056 1701 sententia
1087 1657 1261 1701 tardet.

110 1719 293 1765 Interea
319 1722 475 1766 socios
501 1722 842 1796 inhumataque
867 1738 1067 1784 corpora
1095 1731 1233 1768 terrae

109 1784 420 1840 Mandemus;
460 1789 540 1861 qui
567 1788 692 1833 solus
720 1788 872 1833 honos
899 1791 1166 1834 Acheronte
1192 1788 1316 1833 sub
1306 1802 1399 1832 imo

111 1852 203 1909 Ite,
216 1852 307 1908 ait;
335 1855 543 1915 egregias
560 1854 739 1899 animas
746 1871 895 1915 ,quae
901 1856 1124 1916 sanguine
1145 1855 1279 1900 nobis
1305 1855 1414 1928 [est.

112 1918 252 1964 Hanc
277 1921 475 1981 patriam
503 1935 728 1982 peperere
753 1937 857 1976 suo,
889 1920 1115 1967 decorate
1141 1919 1373 1983 supremis

114 1983 425 2032 Muneribus.
464 1995 775 2049 moestamque
802 1988 1004 2033 Evandri
1045 1987 1222 2048 primus
1247 1986 1307 2033 ad
1342 2001 1416 2030 ur·

114 2050 337 2098 Mittatur
359 2052 531 2107 Pallas,
549 2070 687 2114 quem
716 2069 809 2100 non
836 2053 1018 2099 virtutis
1045 2064 1256 2112 egentem
1285 2053 1415 2116 [bem

115 2116 330 2164 Abstulit
353 2128 456 2165 atra
481 2119 599 2176 dies,
623 2129 668 2166 et
693 2119 854 2166 funere
881 2120 1039 2165 mersit
1065 2121 1253 2164 acerbo.

182 2182 259 2228 Sic.
284 2184 349 2230 ait
374 2185 691 2248 illacrymans,
715 2186 981 2248 recipitque
1007 2187 1063 2232 ad
1097 2184 1258 2231 limina
1292 2200 1419 2247 gres·

254 2265 354 2295 sum
378 2266 388 2295 :

119 2316 304 2376 Corpus
330 2315 410 2361 ubi
434 2317 634 2364 exanimi
660 2318 871 2380 positum
897 2318 1118 2364 Pallantis
1142 2320 1334 2364 Acoetes
1359 2322 1422 2364 30

121 2382 355 2429 Servabat
380 2384 550 2440 senior,
578 2385 655 2447 qui
683 2384 930 2432 Parrhasio
958 2384 1177 2431 Evandro
