1546 2686
69 46 158 87 100
396 51 442 85 1>-
484 58 718 95 x⁷1nG1L11
751 55 995 92 MARON1s

61 172 376 232 Conspexere,
405 170 561 228 silent,
588 170 877 234 arrectisque
902 169 1095 217 auribus
1121 169 1347 225 adstant:

60 239 143 285 llle
167 238 288 300 regit
312 237 453 284 dictis
472 237 667 293 animos,
702 247 750 285 et
774 251 970 299 pectora
996 238 1188 283 mulcet.
1217 238 1382 299 [quam

58 305 135 351 Sic
160 312 361 351 cunctus
387 304 539 366 pelagi
567 304 741 351 cecidit
777 304 947 366 fragor,
1017 319 1208 364 aequora
1248 312 1385 366 post-

59 371 364 431 Prospiciens
389 371 586 432 genitor,
614 371 832 432 coeloque
857 374 1071 416 invectus
1097 379 1281 431 aperto,

60 437 231 484 Flectit
249 453 413 499 equos,
439 453 677 498 curruque
701 437 867 482 volans
892 436 974 482 dat
999 436 1097 481 lora
1118 437 1349 482 secundo.

125 505 313 550 Defessi
338 502 579 559 AEneadae,
606 518 714 564 quae
740 503 971 564 proxima,
998 502 1154 548 littora
1176 519 1318 548 cursu

58 570 367 617 Contendunt
394 578 573 632 petere,
600 577 648 615 et
673 568 837 630 Libyae
862 576 1109 614 vertuntur
1133 569 1191 614 ad
1219 585 1343 614 oras.

125 639 206 683 Est
230 636 275 681 in
303 652 497 682 secessu
525 635 666 697 longo
693 635 828 681 locus
851 650 861 680 :
889 634 1038 680 insula
1065 643 1251 694 portum
1291 641 1384 691 159

57 702 215 749 Efficit
241 702 440 763 objectu
466 702 695 754 laterum;
739 701 913 763 quibus
939 700 1090 746 omnis
1115 701 1175 746 ab
1201 701 1296 747 alto

58 768 324 830 Frangitur,
350 768 493 830 inque
519 767 651 814 sinus
676 767 850 814 scindit
874 783 976 813 sese
997 765 1123 812 unda
1139 765 1382 813 reductos.

60 835 187 881 Hinc
212 842 357 897 atque
383 834 492 881 hinc
521 842 665 880 vastae
700 849 858 896 rupeS,
897 832 1165 895 geminique
1208 832 1385 878 minan·

57 901 110 947 In
137 901 313 948 coelum
338 900 551 962 scopuli;
591 916 794 962 quorum
822 900 911 945 sub
938 899 1111 946 vertice
1136 898 1229 946 late
1288 900 1387 961 [tur

56 968 269 1030 AEquora
294 975 396 1014 tuta
420 967 588 1014 silent:
626 975 728 1013 tum
755 966 882 1012 silvis
905 982 1047 1013 scena
1073 965 1286 1011 coruscis

57 1034 297 1095 Desuper,
336 1033 641 1096 horrentique
665 1040 818 1080 atrum
839 1049 1007 1079 nemus
1035 1030 1246 1079 imminet
1283 1047 1386 1077 um·

192 1100 289 1146 bra.

58 1167 233 1214 Fronte
253 1166 339 1213 sub
365 1164 565 1212 adversa
592 1164 802 1227 scopulis
827 1163 1147 1225 pendentibus
1170 1172 1388 1218 amrium

58 1234 192 1280 Intus
219 1249 355 1295 aquae
380 1231 564 1288 dulces,
592 1232 795 1293 vivoque
816 1230 985 1278 sedilia
1009 1248 1120 1277 saxo
1143 1248 1154 1285 ;

59 1300 388 1362 Nympharum
415 1298 615 1345 domus:
643 1299 722 1344 bic
747 1297 895 1344 fessas
919 1313 1014 1344 non
1035 1298 1224 1343 vincula
1244 1312 1386 1342 naves

56 1367 165 1413 Ulla
192 1374 351 1413 tenent
373 1384 384 1420 ;
426 1381 546 1411 unco
572 1381 667 1411 non
691 1364 852 1426 alligat
878 1380 1053 1410 ancora
1080 1379 1255 1410 morsu.

57 1434 169 1479 Huc
195 1443 379 1495 septem
400 1432 570 1478 AEneas
597 1431 811 1478 collectis
837 1430 1037 1476 navibus
1062 1430 1189 1475 omni
1296 1435 1387 1484 170

58 1500 130 1545 Ex
151 1516 348 1546 numero
370 1498 498 1544 subit
518 1515 528 1551 ;
568 1514 626 1544 ac
653 1513 825 1558 magno
851 1496 1032 1549 telluris
1053 1512 1214 1542 amore

58 1567 259 1628 Egressi,
285 1566 449 1628 optata
478 1564 726 1626 potiuntur
749 1564 898 1609 Troes
921 1562 1079 1618 arena,

58 1633 120 1679 Et
146 1632 244 1679 sale
269 1634 487 1679 tabentes
512 1639 642 1677 artus
668 1631 714 1676 in
738 1629 895 1676 littore
919 1637 1123 1691 ponunt.

58 1701 131 1746 Ac
157 1699 362 1761 primum
391 1697 506 1743 silici
533 1696 789 1743 scintillam
808 1695 1004 1742 excudit
1028 1695 1253 1747 Achates,

60 1765 373 1827 Suscepitque
398 1763 549 1822 ignem
578 1762 719 1819 foliis,
747 1771 894 1837 atque
916 1761 1050 1808 arida
1074 1760 1253 1806 circum

59 1833 366 1879 Nutrimenta
391 1830 534 1886 dedit,
575 1829 826 1892 rapuitque
845 1829 890 1874 in
914 1827 1077 1874 fomite
1103 1826 1362 1872 flammam.

59 1899 188 1945 Tum
252 1899 473 1946 Cererem
529 1903 800 1958 corruptam
866 1893 1024 1948 undis,
1080 1892 1385 1952 Cerealiaque

59 1963 341 2026 Expediunt
366 1962 477 2009 sessi
497 1979 676 2017 rerum;
716 1961 970 2023 frugesque
987 1969 1203 2021 receptas
1236 1959 1387 2021 [arma

60 2032 121 2077 Et
148 2042 322 2078 torrere
347 2038 517 2092 parant
542 2028 759 2084 flammis,
787 2037 834 2075 et
859 2027 1071 2087 frangere
1098 2040 1230 2071 sax0.

127 2099 295 2145 AEneas
323 2096 574 2158 scopulum
603 2097 778 2142 interea
811 2093 1104 2146 conscendit,
1125 2102 1172 2138 et
1197 2106 1385 2136 ornnem

62 2165 375 2226 Prospectum
397 2163 489 2208 late
517 2162 685 2224 pelago
713 2160 846 2222 petit,
874 2161 1058 2207 Anthea
1085 2158 1120 2203 si
1148 2173 1242 2219 qua
1296 2163 1381 2203 181

59 2233 302 2278 Jactatum
331 2237 470 2275 vento
499 2228 670 2284 videat,
700 2228 1023 2288 Phrygiasque
1053 2224 1264 2277 biremes,

60 2305 157 2343 Aut
183 2297 366 2357 Capyn,
394 2303 474 2340 aut
502 2294 676 2341 celsis'
667 2311 711 2339 in
741 2293 989 2356 puppibus
1014 2307 1144 2336 arma
1168 2289 1320 2336 Caici.

61 2365 245 2410 Navem
272 2363 316 2408 in
337 2369 599 2422 conspectu
626 2360 830 2415 nullan1;
871 2369 964 2405 tres
991 2358 1141 2403 littore
1167 2373 1333 2404 cervos

65 2429 299 2491 Prospicit
322 2436 558 2482 errantes;
598 2427 683 2473 hos
709 2435 812 2473 tota
832 2434 1038 2472 armenta
1060 2433 1323 2485 sequuntur

63 2502 102 2545 A
132 2506 279 2558 terge,
307 2502 356 2542 et
379 2464 571 2557 longurii
598 2509 683 2556 per
710 2492 849 2539 valles
876 2490 1090 2555 pascitur
1113 2506 1300 2552 agmen.

1362 2588 1394 2608 Γ
