1607 2700
535 87 796 123 AENEioos
838 87 946 119 ΜΒ.
988 88 1063 120 ix.
1362 77 1454 118 283

147 210 376 268 Classem,
404 223 511 271 quae
531 206 665 253 lateri
691 213 956 252 castrorum
977 206 1202 266 adjuncta
1226 203 1422 256 latebat,

148 277 412 338 Aggeribus
437 281 619 336 septam
641 273 823 319 circum
848 281 895 319 et
919 272 1187 321 fluvialibus
1209 271 1358 327 undis,
1396 275 1459 325 70

146 342 366 398 Invadit;
392 341 646 403 sociosque
669 339 889 386 incendia
915 339 1064 400 poscit
1083 345 1294 392 ovanteS,

147 413 309 473 Atque
329 424 518 455 manum
545 408 659 471 pinu
685 405 903 470 flagranti
923 405 1128 454 fervidus
1149 404 1329 465 implet.

144 478 270 524 Tum
299 474 410 523 vero
435 474 716 522 incumbunt
739 491 750 528 ;
791 482 922 536 urget
943 473 1194 536 praesentia
1215 470 1380 526 Turni,

146 544 309 605 Atque
334 542 485 589 omnis
510 541 694 588 facibus
722 541 873 602 pubes
898 539 1164 605 accingitur
1189 537 1317 583 atris.

146 609 400 670 Diripuere
425 608 588 657 focos:
629 608 817 670 piceum
844 607 936 655 fert
962 605 1138 654 fumida
1162 604 1318 650 lumen

146 676 316 731 Taeda,
343 685 392 723 et
417 675 723 721 commixtam
750 674 990 721 Vulcanus
1016 675 1073 720 ad
1102 681 1225 718 astra
1242 669 1464 715 favillam.

217 742 337 798 Quis
364 744 512 799 Deus,
528 758 556 787 o
576 742 748 796 Musae,
772 748 865 787 tarn
890 757 1012 787 saeva
1033 738 1246 787 incendia
1264 736 1465 782 Teucris

148 810 366 857 Avertit?
393 817 554 857 tantos
579 808 757 855 ratibus
783 808 887 870 quis
913 808 1097 869 depulit
1119 808 1248 866 ignes
1269 805 1287 850 ἶ

149 877 327 924 Dicite.
400 877 560 923 Prisca
585 875 700 921 fides
725 873 872 930 fact0‚
897 875 975 920 sed
1003 874 1131 922 fama
1151 870 1382 934 perennis.

215 943 460 1006 Tempore
486 960 581 1005 quo
605 941 810 1003 primum
837 941 1041 1004 Phrygia
1062 940 1295 986 formabat
1316 937 1361 982 in
1383 935 1468 983 Ida

149 1011 320 1058 AEneas
336 1009 553 1063 classem,
575 1016 623 1055 et
641 1008 796 1070 pelagi
818 1017 978 1070 petere
1004 1008 1097 1054 alta
1122 1004 1351 1069 parabat;
1408 1011 1463 1051 81

150 1079 262 1139 Ipsa
290 1076 445 1123 Deum
471 1076 619 1122 fertur
656 1076 853 1137 genitrix
901 1074 1207 1136 Berecynthia
1243 1086 1466 1132 magnum

150 1144 365 1191 Vocibus
393 1143 463 1189 his
489 1144 634 1189 affata
657 1144 826 1190 Jovem
850 1158 860 1188 :
890 1143 981 1198 Da,
1010 1150 1134 1198 nate,
1162 1139 1358 1202 petenti,

151 1211 297 1265 Quod
325 1220 410 1258 tua
434 1225 544 1257 cara
568 1226 738 1273 parens
764 1209 949 1255 domito
977 1218 1019 1255 te
1046 1209 1198 1270 poscit
1240 1207 1467 1268 Olympo.

151 1279 298 1325 Pinea
322 1277 437 1324 silva
462 1277 590 1332 milii,
619 1278 793 1322 inultos
819 1275 991 1322 dilecta
1016 1292 1100 1338 per
1122 1290 1287 1330 annos,

150 1345 310 1391 Lucus
334 1345 381 1390 in
406 1360 514 1390 arce
541 1344 631 1390 suit
656 1344 852 1399 sumnia,
881 1343 977 1405 quo
1004 1359 1136 1388 sacra
1160 1342 1394 1396 ferebant,

151 1411 372 1475 Nigranti
396 1411 535 1474 pice-21
561 1410 874 1472 trabibusque
900 1410 1133 1456 obscurus
1154 1408 1353 1456 acerniS.

154 1479 254 1525 Has
281 1495 369 1541 ego
397 1478 641 1524 Dardanio
660 1478 844 1539 juveni,
872 1478 982 1523 cum
1009 1477 1170 1524 classis
1195 1484 1370 1538 egeret,

152 1545 286 1592 Laeta
311 1544 445 1593 dedi:
469 1561 595 1590 nunc
614 1544 866 1590 sollicitam
888 1544 1027 1590 timor
1043 1543 1206 1590 anxius
1233 1553 1381 1603 urget.
1411 1550 1471 1597 89

154 1613 294 1659 Solve
316 1620 486 1668 metm,
508 1620 651 1673 atque
673 1613 763 1671 hoc
784 1611 1006 1674 precibus
1029 1612 1126 1657 siue
1147 1626 1287 1673 posse
1308 1625 1474 1671 paren-

151 1679 227 1726 Ne
253 1695 395 1726 cursu
421 1687 661 1741 quassatae
689 1678 800 1733 ullo,
829 1694 919 1724 neu
944 1678 1130 1725 turbine
1156 1677 1283 1724 venti
1324 1678 1472 1739 [tcm;

150 1745 440 1792 Vincantur:
467 1746 617 1807 prosit
642 1746 816 1791 nostris
842 1745 887 1791 in
914 1746 1153 1792 montibus
1177 1754 1320 1792 ortas.

153 1812 299 1859 Filius
326 1813 437 1859 huic
464 1811 646 1866 contra,
675 1821 864 1874 torquet
889 1813 970 1875 qui
997 1811 1153 1859 sidera,
1178 1811 1340 1858 mundi
1363 1827 1373 1857 :

155 1879 199 1926 Ο
239 1879 458 1942 genitrix,
500 1879 595 1941 qno
623 1879 719 1925 fata
746 1895 886 1925 vocas
903 1882 923 1926 ‘3
950 1888 1029 1926 aut
1055 1879 1168 1941 quid
1191 1880 1313 1941 petis
1340 1878 1475 1925 istis?

154 1946 411 1993 Mortaline
437 1962 578 1992 manu
605 1946 747 1993 sactae
772 1946 1038 1992 immortale
1060 1947 1233 1992 carinae

156 2013 244 2059 Fas
271 2014 514 2061 habeant?
567 2021 820 2075 certusque
863 2014 1042 2060 incerta
1067 2013 1272 2075 pericula
1312 2011 1478 2058 lustret

155 2081 368 2127 AEneas'l
403 2081 481 2128 cui
509 2089 641 2127 tanta
668 2080 772 2125 Deo
799 2080 1032 2143 permissa
1058 2090 1267 2140 potestas
1292 2079 1307 2126 ἰ

156 2146 326 2204 Immo,
353 2148 435 2194 ubi
460 2148 702 2194 defunctae
728 2145 870 2194 finem
893 2155 1158 2210 portusque
1184 2147 1414 2194 tenebunt

157 2214 412 2270 Ausonios,
439 2216 549 2260 olim
578 2230 880 2277 quaecunque
905 2214 1107 2260 evaserit
1128 2214 1278 2265 undis.

160 2281 559 2344 Dardaniumque
572 2282 743 2328 ducem
765 2281 1018 2328 Laurentia
1036 2282 1213 2328 vexerit
1226 2297 1359 2333 arva3
1391 2285 1478 2326 100

159 2347 414 2395 Mortalem
441 2349 636 2411 eripiam
662 2348 1140 2411 formam‚magnique
1158 2347 1348 2409 jubebo

158 2414 379 2477 AEquoris
404 2432 504 2462 esse
532 2417 685 2462 Deas:
713 2415 865 2479 qualis
892 2415 1065 2462 Nereia
1085 2417 1215 2461 Doto

161 2481 222 2528 Et
242 2482 444 2530 Galatea
469 2491 637 2530 secant
662 2491 960 2546 spumantem
988 2492 1184 2545 pectore
1209 2490 1430 2545 pontum.
