1607 2700
138 67 230 109 208
469 75 519 109 P.
556 73 805 110 VIRGILII
845 71 1114 108 MARONIS

137 193 248 254 Ipse
274 191 438 239 volans
464 199 629 240 tenues
654 210 703 240 se
731 193 921 240 sustulit
944 192 1039 238 ales
1064 192 1110 238 in
1136 207 1288 239 auras.
1351 188 1440 240 861

135 257 294 303 Currit
315 257 402 304 iter
427 266 581 305 tutum
607 275 699 305 non
727 259 877 305 secius
898 274 1090 320 aequore
1116 257 1292 310 classis,

133 322 480 386 Promissisque
497 326 643 387 patris
668 325 884 387 Neptuni
910 324 1116 371 interrita
1140 323 1304 370 fertur.

133 389 337 451 Jamque
362 391 482 439 ade&
504 392 726 453 scopulos
754 392 959 437 Sirenum
982 390 1183 437 advecta
1204 390 1414 444 subibat,

135 455 368 503 Difficiles
385 458 644 520 quondam,
666 458 1018 518 multorumque
1039 458 1226 503 ossibus
1243 457 1377 502 albos
1399 472 1412 506 ;

133 521 261 568 Tum
288 539 433 570 rauca
458 524 646 569 assiduo
672 524 810 584 longe
838 523 930 568 sale
956 539 1068 569 saxa
1094 525 1356 570 sonabant:

135 588 256 635 Cum
283 597 420 652 pater
443 589 614 635 amisso
632 588 893 636 fluitantem
919 605 1070 636 errare
1095 590 1317 651 magistro

135 654 308 712 Sensit,
335 664 384 702 et
407 657 510 718 ipse
536 665 682 702 ratem
708 656 956 702 nocturnis
976 656 1094 702 rexit
1118 656 1163 701 in
1192 656 1347 710 undis,

135 720 185 767 M
196 721 292 767 ulta
307 738 510 781 gemens,
534 738 744 785 casuque
764 722 972 769 animum
999 738 1256 768 concussus
1272 721 1411 768 amici
1435 738 1442 746 ·

136 787 180 832 O
207 788 406 834 nimium
432 789 553 835 coelo
572 796 620 835 et
644 789 813 851 pelago
834 786 1011 835 confise
1030 804 1211 843 sereno,
1354 795 1435 842 87(

134 853 310 901 Nudus
331 854 376 901 in
402 855 577 917 ignota,
604 855 836 912 Palinure,
856 855 1043 916 jacebis
1068 854 1227 901 arena.

587 999 982 1023 W

630 1101 827 1148 LIBER
871 1102 956 1147 VI.

136 1232 247 1304 SIC
275 1254 401 1301 fatur
420 1255 700 1318 lacrymans,
721 1255 957 1318 classique
973 1254 1447 1308 immittithabenas:

137 1321 198 1367 Et
222 1321 415 1368 tandem
442 1323 670 1369 Euboicis
698 1323 956 1369 Cumarum
982 1322 1204 1368 allabitur
1229 1325 1339 1368 oris.

137 1387 414 1435 Obvertunt
438 1389 605 1451 pelago
625 1405 790 1451 proras
813 1405 823 1436 z
864 1397 965 1437 tum
991 1388 1133 1435 dente
1155 1389 1306 1435 tenaci

135 1455 328 1501 Ancora
354 1454 589 1501 fundabat
613 1471 772 1510 naves,
801 1464 847 1502 et
872 1455 1037 1502 littora
1063 1472 1222 1502 curvae

135 1519 410 1568 Praetexunt
425 1521 879 1584 puppeszjuvenum
897 1538 1059 1568 manus
1072 1523 1241 1568 emicat
1258 1522 1429 1567 ardens

136 1586 291 1634 Littus
313 1588 358 1633 in
374 1588 681 1650 Hesperium:
704 1589 876 1649 quaerit
896 1604 1005 1650 pars
1027 1588 1205 1634 semina
1227 1587 1449 1644 flammae,

138 1653 370 1701 Abstrusa
396 1654 439 1700 in
464 1655 586 1701 venis
610 1654 749 1700 silicis
771 1671 782 1708 ;
812 1670 919 1716 pars
945 1653 1095 1701 densa
1120 1655 1319 1700 ferarum

134 1718 288 1766 Tecta
312 1720 435 1783 rapit
462 1721 618 1777 silvam,
645 1721 931 1782 inventaque
956 1720 1149 1767 flumina
1171 1729 1415 1767 monstrat.

143 1786 266 1833 ›rAt
291 1787 398 1849 pius
423 1788 589 1834 AEneas
613 1803 761 1843 ωερε,
789 1787 962 1849 quibus
987 1787 1106 1834 altus
1130 1788 1306 1849 Apollo

137 1852 383 1910 Praesidet,
407 1853 749 1916 horrendaeque
774 1854 940 1914 procul
958 1862 1136 1900 secreta
1158 1853 1364 1916 Sibyllae,
1396 1860 1450 1898 10

136 1918 343 1966 A‘ntrum
369 1921 584 1977 immane,
612 1921 759 1983 petit:
788 1936 1000 1982 magnam
1023 1921 1101 1967 cui
1127 1931 1331 1966 mentem
1354 1921 1451 1965 aui·

269 2003 499 2049 mumque

137 2051 301 2098 Delius
322 2053 523 2115 inspirat
548 2062 691 2110 vates,
718 2053 965 2115 aperitque
990 2052 1164 2100 futura.

136 2118 242 2164 Jam
270 2120 476 2167 subeunt
499 2121 673 2167 Triviae
699 2120 848 2176 lucos,
875 2129 1017 2181 atque
1042 2135 1181 2166 aurea
1206 2127 1378 2174 tecta.';

211 2185 452 2241 DaedaluS‚
484 2195 535 2233 ut
559 2187 681 2232 sama
707 2195 794 2242 est,
823 2186 1004 2248 fugiens
1032 2188 1209 2232 Minoia
1238 2204 1397 2248 regna,

140 2251 441 2313 Praepetibus
467 2253 632 2315 pennis
659 2269 801 2299 ausus
827 2270 874 2299 se
901 2251 1089 2299 credere
1114 2254 1249 2308 coelo,

140 2318 385 2365 Insuetum
413 2335 495 2381 per
522 2320 611 2366 iter
636 2320 813 2382 gelidas
839 2320 992 2366 enavit
1019 2319 1076 2364 ad
1106 2322 1295 2376 Arctos,

140 2384 510 2447 Chalcidicsique
535 2386 652 2432 levis
681 2387 869 2432 tandem
897 2387 1190 2449 superastitit
1214 2403 1339 2434 arce.

144 2450 379 2497 Redditus
405 2453 473 2497 his
491 2452 690 2513 primum
720 2453 868 2509 terris,
897 2453 996 2510 tibi,
1027 2453 1219 2510 Phoebe,
1247 2454 1449 2501 sacravit

106 2517 407 2582 Remigium
434 2519 607 2565 alarum
631 2536 642 2573 ;
670 2519 922 2582 posuitque
949 2519 1165 2566 immania
1191 2520 1382 2584 templa.
