1607 2700
555 138 818 173 AENEmos
859 141 969 174 ΜΒ.
1011 141 1084 175 ιν.
1380 138 1469 180 173

166 259 414 308 Sollicitat.
451 259 622 320 Neque
643 266 688 304 te
712 266 870 313 teneo,
897 275 1050 320 neque
1077 260 1207 307 dicta
1234 262 1410 309 refello,

167 329 206 383 l,
233 341 430 387 sequere
455 325 640 370 ltaliam
667 326 844 381 ventis;
893 334 1000 385 pete
1026 342 1166 385 regua
1195 344 1280 389 per
1308 329 1476 374 undas·

167 390 543 454 Speroequidem
566 390 751 446 mediis,
780 391 816 436 si
833 392 945 453 quid
967 391 1477 455 pianuminapossunt‚

168 457 414 520 Supplicia
439 458 697 504 hausurum
725 459 952 519 scopulis,
980 466 1026 503 et
1050 459 1238 506 nomine
1266 461 1396 506 Dido

168 527 308 586 Saepe
330 532 627 570 vocaturum.
666 525 844 586 Sequar
863 526 975 571 atris
1002 524 1190 585 ignibus
1214 526 1412 580 absens;

167 593 243 646 Et,
271 590 381 637 cum
409 589 582 652 frigida
609 607 730 635 mors
757 592 911 637 anima
937 593 1175 637 seduxerit
1199 602 1346 647 artus,

168 656 406 703 Omnibus
445 658 613 704 umbra
653 657 771 703 locis
814 658 980 704 adero:
1037 657 1190 714 dabis,
1242 658 1478 719 improbe,

299 739 461 784 poenas
483 739 494 769 z

168 789 392 845 Audiam,
414 798 460 836 et
478 789 580 835 haec
603 805 760 834 manes
783 790 936 835 veniet
962 789 1075 834 mihi
1096 789 1218 836 fama
1237 791 1325 838 sub
1342 790 1480 835 imos.

169 857 254 902 His
283 857 491 902 medium
518 855 664 902 dictis
691 871 953 901 sermonem
981 857 1242 918 abrumpit,
1271 866 1318 902 et
1342 872 1481 902 auras

168 924 312 983 AEgra
336 921 471 983 fugit,
495 938 636 984 seque
662 938 719 967 ex
745 922 895 967 oculis
921 922 1095 968 avertit
1119 931 1167 968 et
1191 922 1363 979 aufert,

170 990 412 1051 Linquens
438 989 586 1035 multa
627 995 757 1034 metu
805 997 1111 1035 cunctantem
1135 997 1183 1035 et
1208 990 1358 1035 multa
1402 1004 1483 1050 pa-

300 1064 480 1101 rantem
1386 1061 1484 1110 390

170 1121 355 1170 Dicere.
394 1120 667 1183 Suscipiunt
691 1120 902 1177 famulae,
931 1121 1244 1183 collapsaque
1272 1122 1485 1168 membra.

170 1190 442 1235 Marmoreo
467 1188 674 1234 referunt
700 1188 926 1244 thalamo,
949 1188 1203 1250 stratisque
1227 1196 1481 1249 reponunt.

236 1256 302 1301 At
326 1255 430 1316 pius
451 1256 638 1309 AEneas,
666 1270 939 1315 quanquam
966 1254 1110 1300 lenire
1130 1253 1370 1301 dolentem

170 1321 377 1367 Solando
402 1321 556 1382 cupit,
583 1329 633 1367 et
655 1320 799 1366 dictis
824 1328 1035 1378 avertere
1061 1337 1230 1367 curas·
1219 1357 1230 1374 ,
1295 1326 1481 1389 [moreg

172 1387 327 1434 Multa
352 1403 561 1448 gemens,
589 1402 856 1448 magnoque
881 1387 1087 1433 animum
1118 1385 1384 1434 labefactus
1435 1410 1485 1439 a-

170 1454 309 1499 Jussa
326 1463 482 1500 tamen
499 1453 674 1499 Divum
687 1453 979 1514 exsequitur,
994 1455 1289 1515 classemque
1305 1471 1385 1501 rev
1391 1454 1481 1503 isxt.

170 1520 297 1566 Tum
324 1520 434 1566 vero
453 1519 630 1566 Teucri
650 1519 954 1575 incumbunt,
977 1529 1025 1566 et
1050 1521 1207 1567 littore
1234 1521 1384 1567 celsas

174 1586 437 1633 Deducunt
462 1594 565 1632 toto
591 1601 763 1632 naves:
802 1595 933 1633 natat
958 1597 1103 1633 uncta
1128 1587 1317 1641 carina;

173 1654 562 1714 Frondentesque
587 1652 743 1698 ferunt
767 1668 938 1710 remos,
959 1662 1006 1699 et
1029 1655 1201 1700 robora
1227 1654 1352 1701 silvis

172 1718 479 1776 Infabricata,
507 1719 633 1781 fugae
660 1719 834 1765 studio.
1388 1727 1485 1770 400

173 1785 435 1847 Migrantes
461 1801 646 1841 cernas,
674 1786 873 1846 tot-aque
897 1802 954 1832 ex
982 1787 1097 1834 urbe
1122 1794 1330 1834 ruentes.

173 1858 243 1898 Ac-
272 1852 414 1898 veluti
440 1853 677 1914 ingentem
705 1851 922 1898 formicae
948 1852 1082 1899 farris
1107 1870 1330 1899 acervum

174 1918 297 1964 Cum
339 1919 590 1981 populant,
617 1919 799 1981 hyemis
824 1934 1074 1975 memores,
1101 1927 1327 1983 tectoque
1351 1936 1486 1983 repo-

304 1994 451 2040 nunt;

171 2051 218 2098 It
242 2052 425 2112 nigrum
452 2050 632 2112 campis
659 2067 841 2112 agmen,
869 2051 1176 2114 praedamque
1202 2069 1287 2114 per
1312 2054 1486 2100 herbas

175 2119 475 2165 Convectant
499 2118 617 2164 calle
642 2126 873 2179 angusto;
932 2134 1043 2180 pars
1070 2119 1262 2175 grandia
1286 2119 1488 2167 trudunt

177 2185 379 2230 Obnixae
402 2184 639 2231 frumenta
666 2183 900 2240 humeris;
941 2200 1049 2246 pars
1075 2186 1261 2248 agmina
1288 2197 1484 2248 cogunt,

176 2250 518 2313 Castigantque
543 2267 729 2297 moras:
768 2266 914 2312 opere
953 2251 1106 2296 omnis
1131 2253 1295 2299 semita
1319 2252 1483 2301 fervet.

240 2316 361 2370 Quis
381 2318 466 2364 tibi
491 2326 620 2374 tunc,
645 2317 789 2373 Dido,
818 2318 1025 2363 cernenti
1047 2319 1166 2365 talia
1187 2320 1388 2368 sensus?

179 2382 372 2434 Quosve
397 2383 547 2430 dabas
571 2383 812 2445 gemitus?
849 2384 961 2430 cum
985 2384 1147 2432 littora
1171 2383 1352 2432 fervere
1389 2386 1485 2432 late

179 2448 478 2510 Prospiceres
494 2466 604 2498 arce
615 2468 670 2496 ex
689 2450 892 2506 summa,
912 2459 1164 2512 totumque
1185 2451 1369 2498 videres
1391 2459 1487 2498 410

180 2513 370 2562 Misceri
395 2523 502 2562 aute
522 2517 687 2564 oculos
709 2517 848 2564 tantis
875 2518 1166 2565 clamoribus
1191 2519 1389 2579 aequor?
