<?xml version="1.0" encoding="UTF-8"?>
<!DOCTYPE html PUBLIC "-//W3C//DTD XHTML 1.0 Transitional//EN"
    "http://www.w3.org/TR/xhtml1/DTD/xhtml1-transitional.dtd">
<html xmlns="http://www.w3.org/1999/xhtml" xml:lang="en" lang="en">
 <head>
  <title>
</title>
<meta http-equiv="Content-Type" content="text/html;charset=utf-8" />
  <meta name='ocr-system' content='tesseract 3.04.00' />
  <meta name='ocr-capabilities' content='ocr_page ocr_carea ocr_par ocr_line ocrx_word'/>
</head>
<body>
  <div class='ocr_page' id='page_1' title='image "./operaadfidemopti00virguoft/operaadfidemopti00virguoft_0323.png"; bbox 0 0 1586 2704; ppageno 0'>
   <div class='ocr_carea' id='block_1_1' title="bbox 566 118 1455 166">
    <p class='ocr_par' dir='ltr' id='par_1_1' title="bbox 566 118 1455 166">
     <span class='ocr_line' id='line_1_1' title="bbox 566 118 1455 166; baseline 0 -9"><span class='ocrx_word' id='word_1_1' title='bbox 566 124 828 157; x_wconf 75' lang='lat' dir='ltr'><strong>AENsstnos</strong></span> <span class='ocrx_word' id='word_1_2' title='bbox 872 123 982 157; x_wconf 73' lang='lat' dir='ltr'><strong>ms,</strong></span> <span class='ocrx_word' id='word_1_3' title='bbox 1026 124 1078 156; x_wconf 83' lang='lat' dir='ltr'><strong>x.</strong></span> <span class='ocrx_word' id='word_1_4' title='bbox 1358 118 1455 166; x_wconf 77' lang='lat'><strong>319</strong></span> 
     </span>
    </p>
   </div>
   <div class='ocr_carea' id='block_1_2' title="bbox 140 235 1469 2534">
    <p class='ocr_par' dir='ltr' id='par_1_2' title="bbox 140 235 1469 2534">
     <span class='ocr_line' id='line_1_2' title="bbox 151 235 1455 297; baseline -0.002 -14"><span class='ocrx_word' id='word_1_5' title='bbox 151 237 236 284; x_wconf 87' lang='lat' dir='ltr'><strong>Illa</strong></span> <span class='ocrx_word' id='word_1_6' title='bbox 263 237 440 293; x_wconf 86' lang='lat' dir='ltr'><strong>volans,</strong></span> <span class='ocrx_word' id='word_1_7' title='bbox 465 236 669 283; x_wconf 85' lang='lat' dir='ltr'><strong>humeris</strong></span> <span class='ocrx_word' id='word_1_8' title='bbox 696 244 892 297; x_wconf 85' lang='lat' dir='ltr'><strong>surgunt</strong></span> <span class='ocrx_word' id='word_1_9' title='bbox 919 235 1014 297; x_wconf 77' lang='lat' dir='ltr'><strong>qua</strong></span> <span class='ocrx_word' id='word_1_10' title='bbox 1032 235 1230 296; x_wconf 87' lang='lat' dir='ltr'><strong>tegmina</strong></span> <span class='ocrx_word' id='word_1_11' title='bbox 1252 251 1455 292; x_wconf 80' lang='lat' dir='ltr'><strong>summa,</strong></span> 
     </span>
     <span class='ocr_line' id='line_1_3' title="bbox 151 301 1312 366; baseline -0.003 -18"><span class='ocrx_word' id='word_1_12' title='bbox 151 303 354 357; x_wconf 84' lang='lat' dir='ltr'><strong>lucidit;</strong></span> <span class='ocrx_word' id='word_1_13' title='bbox 391 310 535 366; x_wconf 87' lang='lat' dir='ltr'><strong>atque</strong></span> <span class='ocrx_word' id='word_1_14' title='bbox 561 302 683 348; x_wconf 90' lang='lat' dir='ltr'><strong>viam</strong></span> <span class='ocrx_word' id='word_1_15' title='bbox 712 301 868 363; x_wconf 83' lang='lat' dir='ltr'>clypei</span> <span class='ocrx_word' id='word_1_16' title='bbox 897 301 1057 346; x_wconf 87' lang='lat' dir='ltr'><strong>molita</strong></span> <span class='ocrx_word' id='word_1_17' title='bbox 1082 317 1312 361; x_wconf 80' lang='lat' dir='ltr'><strong>peroras,</strong></span> 
     </span>
     <span class='ocr_line' id='line_1_4' title="bbox 146 366 1419 428; baseline -0.004 -13"><span class='ocrx_word' id='word_1_18' title='bbox 146 368 361 415; x_wconf 88' lang='lat' dir='ltr'>Tandem</span> <span class='ocrx_word' id='word_1_19' title='bbox 387 369 526 415; x_wconf 89' lang='lat' dir='ltr'><strong>etiam</strong></span> <span class='ocrx_word' id='word_1_20' title='bbox 554 383 722 428; x_wconf 83' lang='lat' dir='ltr'><strong>magno</strong></span> <span class='ocrx_word' id='word_1_21' title='bbox 748 367 933 413; x_wconf 85' lang='lat' dir='ltr'><strong>strinxit</strong></span> <span class='ocrx_word' id='word_1_22' title='bbox 958 366 1016 411; x_wconf 90' lang='lat' dir='ltr'><strong>de</strong></span> <span class='ocrx_word' id='word_1_23' title='bbox 1042 383 1238 426; x_wconf 90' lang='lat' dir='ltr'><strong>corpore</strong></span> <span class='ocrx_word' id='word_1_24' title='bbox 1259 367 1419 413; x_wconf 84' lang='lat' dir='ltr'><strong>Turni.</strong></span> 
     </span>
     <span class='ocr_line' id='line_1_5' title="bbox 150 432 1213 494; baseline -0.001 -15"><span class='ocrx_word' id='word_1_25' title='bbox 150 435 247 480; x_wconf 76' lang='lat' dir='ltr'><strong>Hic</strong></span> <span class='ocrx_word' id='word_1_26' title='bbox 270 434 456 481; x_wconf 90' lang='lat' dir='ltr'><strong>Turnus</strong></span> <span class='ocrx_word' id='word_1_27' title='bbox 483 433 607 481; x_wconf 86' lang='lat' dir='ltr'><strong>ferro</strong></span> <span class='ocrx_word' id='word_1_28' title='bbox 631 432 875 494; x_wconf 86' lang='lat' dir='ltr'><strong>praefixum</strong></span> <span class='ocrx_word' id='word_1_29' title='bbox 899 432 1044 477; x_wconf 91' lang='lat' dir='ltr'><strong>robur</strong></span> <span class='ocrx_word' id='word_1_30' title='bbox 1069 440 1213 478; x_wconf 84' lang='lat' dir='ltr'><strong>acuto</strong></span> 
     </span>
     <span class='ocr_line' id='line_1_6' title="bbox 150 498 1458 559; baseline 0.003 -14"><span class='ocrx_word' id='word_1_31' title='bbox 150 499 204 545; x_wconf 88' lang='lat' dir='ltr'><strong>ln</strong></span> <span class='ocrx_word' id='word_1_32' title='bbox 233 499 442 546; x_wconf 86' lang='lat' dir='ltr'>Pallanta</span> <span class='ocrx_word' id='word_1_33' title='bbox 468 499 548 546; x_wconf 88' lang='lat' dir='ltr'><strong>diu</strong></span> <span class='ocrx_word' id='word_1_34' title='bbox 573 499 750 545; x_wconf 90' lang='lat' dir='ltr'><strong>librans</strong></span> <span class='ocrx_word' id='word_1_35' title='bbox 769 498 909 559; x_wconf 84' lang='lat' dir='ltr'><strong>jacit,</strong></span> <span class='ocrx_word' id='word_1_36' title='bbox 933 506 1076 558; x_wconf 86' lang='lat' dir='ltr'><strong>atque</strong></span> <span class='ocrx_word' id='word_1_37' title='bbox 1101 498 1164 543; x_wconf 90' lang='lat' dir='ltr'><strong>ita</strong></span> <span class='ocrx_word' id='word_1_38' title='bbox 1190 498 1335 547; x_wconf 86' lang='lat' dir='ltr'><strong>fatur:</strong></span> <span class='ocrx_word' id='word_1_39' title='bbox 1363 508 1458 549; x_wconf 84' lang='lat'><strong>480</strong></span> 
     </span>
     <span class='ocr_line' id='line_1_7' title="bbox 148 564 1456 626; baseline 0.002 -15"><span class='ocrx_word' id='word_1_40' title='bbox 148 564 343 625; x_wconf 84' lang='lat' dir='ltr'><strong>Aspice,</strong></span> <span class='ocrx_word' id='word_1_41' title='bbox 367 581 479 611; x_wconf 89' lang='lat' dir='ltr'><strong>num</strong></span> <span class='ocrx_word' id='word_1_42' title='bbox 508 565 643 626; x_wconf 77' lang='lat' dir='ltr'><strong>mage</strong></span> <span class='ocrx_word' id='word_1_43' title='bbox 670 566 726 610; x_wconf 89' lang='lat' dir='ltr'><strong>sit</strong></span> <span class='ocrx_word' id='word_1_44' title='bbox 749 573 959 610; x_wconf 87' lang='lat' dir='ltr'><strong>nostrum</strong></span> <span class='ocrx_word' id='word_1_45' title='bbox 983 564 1275 623; x_wconf 75' lang='lat' dir='ltr'>penetrabile</span> <span class='ocrx_word' id='word_1_46' title='bbox 1293 567 1456 614; x_wconf 85' lang='lat' dir='ltr'><strong>telum.</strong></span> 
     </span>
     <span class='ocr_line' id='line_1_8' title="bbox 216 628 1406 692; baseline 0.003 -17"><span class='ocrx_word' id='word_1_47' title='bbox 216 630 434 683; x_wconf 79' lang='lat' dir='ltr'>Dixerat:</span> <span class='ocrx_word' id='word_1_48' title='bbox 472 639 518 676; x_wconf 86' lang='lat' dir='ltr'><strong>at</strong></span> <span class='ocrx_word' id='word_1_49' title='bbox 538 632 772 692; x_wconf 77' lang='lat' dir='ltr'><strong>clypeum,</strong></span> <span class='ocrx_word' id='word_1_50' title='bbox 797 638 866 676; x_wconf 91' lang='lat' dir='ltr'><strong>tot</strong></span> <span class='ocrx_word' id='word_1_51' title='bbox 891 628 998 675; x_wconf 88' lang='lat' dir='ltr'><strong>ferri</strong></span> <span class='ocrx_word' id='word_1_52' title='bbox 1022 637 1166 690; x_wconf 85' lang='lat' dir='ltr'><strong>terga,</strong></span> <span class='ocrx_word' id='word_1_53' title='bbox 1194 640 1263 677; x_wconf 86' lang='lat' dir='ltr'><strong>tot</strong></span> <span class='ocrx_word' id='word_1_54' title='bbox 1284 634 1406 689; x_wconf 81' lang='lat' dir='ltr'><strong>aeriS,</strong></span> 
     </span>
     <span class='ocr_line' id='line_1_9' title="bbox 148 694 1249 758; baseline -0.001 -15"><span class='ocrx_word' id='word_1_55' title='bbox 148 695 272 743; x_wconf 67' lang='lat' dir='ltr'><strong>Cum</strong></span> <span class='ocrx_word' id='word_1_56' title='bbox 300 697 434 758; x_wconf 90' lang='lat' dir='ltr'><strong>pellis</strong></span> <span class='ocrx_word' id='word_1_57' title='bbox 456 696 597 743; x_wconf 88' lang='lat' dir='ltr'><strong>toties</strong></span> <span class='ocrx_word' id='word_1_58' title='bbox 623 697 767 743; x_wconf 85' lang='lat' dir='ltr'><strong>obeat</strong></span> <span class='ocrx_word' id='word_1_59' title='bbox 790 694 1084 741; x_wconf 87' lang='lat' dir='ltr'><strong>circumdata</strong></span> <span class='ocrx_word' id='word_1_60' title='bbox 1110 697 1249 753; x_wconf 85' lang='lat' dir='ltr'><strong>tauri,</strong></span> 
     </span>
     <span class='ocr_line' id='line_1_10' title="bbox 147 761 1290 825; baseline -0.001 -17"><span class='ocrx_word' id='word_1_61' title='bbox 147 763 364 808; x_wconf 89' lang='lat' dir='ltr'><strong>Vibranti</strong></span> <span class='ocrx_word' id='word_1_62' title='bbox 388 763 545 825; x_wconf 88' lang='lat' dir='ltr'><strong>cuspis</strong></span> <span class='ocrx_word' id='word_1_63' title='bbox 575 762 776 808; x_wconf 87' lang='lat' dir='ltr'><strong>medium</strong></span> <span class='ocrx_word' id='word_1_64' title='bbox 804 762 1154 807; x_wconf 85' lang='lat' dir='ltr'><strong>transverberat</strong></span> <span class='ocrx_word' id='word_1_65' title='bbox 1178 761 1290 819; x_wconf 88' lang='lat' dir='ltr'><strong>ictu,</strong></span> 
     </span>
     <span class='ocr_line' id='line_1_11' title="bbox 147 826 1316 891; baseline 0.002 -18"><span class='ocrx_word' id='word_1_66' title='bbox 147 827 427 891; x_wconf 83' lang='lat' dir='ltr'><strong>Loricaeque</strong></span> <span class='ocrx_word' id='word_1_67' title='bbox 453 843 607 874; x_wconf 88' lang='lat' dir='ltr'><strong>moras</strong></span> <span class='ocrx_word' id='word_1_68' title='bbox 631 836 677 873; x_wconf 92' lang='lat' dir='ltr'><strong>et</strong></span> <span class='ocrx_word' id='word_1_69' title='bbox 703 834 869 889; x_wconf 89' lang='lat' dir='ltr'><strong>pectus</strong></span> <span class='ocrx_word' id='word_1_70' title='bbox 895 826 1105 888; x_wconf 84' lang='lat' dir='ltr'>perforat</span> <span class='ocrx_word' id='word_1_71' title='bbox 1131 827 1316 888; x_wconf 83' lang='lat' dir='ltr'><strong>ingens.</strong></span> 
     </span>
     <span class='ocr_line' id='line_1_12' title="bbox 147 892 1316 956; baseline 0.003 -18"><span class='ocrx_word' id='word_1_72' title='bbox 147 893 233 940; x_wconf 90' lang='lat' dir='ltr'><strong>Ille</strong></span> <span class='ocrx_word' id='word_1_73' title='bbox 258 896 380 956; x_wconf 85' lang='lat' dir='ltr'>rapit</span> <span class='ocrx_word' id='word_1_74' title='bbox 407 894 616 940; x_wconf 88' lang='lat' dir='ltr'><strong>calidum</strong></span> <span class='ocrx_word' id='word_1_75' title='bbox 643 892 817 939; x_wconf 84' lang='lat' dir='ltr'><strong>frustra</strong></span> <span class='ocrx_word' id='word_1_76' title='bbox 843 892 901 938; x_wconf 88' lang='lat' dir='ltr'><strong>de</strong></span> <span class='ocrx_word' id='word_1_77' title='bbox 929 892 1116 938; x_wconf 87' lang='lat' dir='ltr'><strong>vulnere</strong></span> <span class='ocrx_word' id='word_1_78' title='bbox 1143 894 1316 941; x_wconf 85' lang='lat' dir='ltr'><strong>telum:</strong></span> 
     </span>
     <span class='ocr_line' id='line_1_13' title="bbox 146 958 1458 1021; baseline 0.001 -16"><span class='ocrx_word' id='word_1_79' title='bbox 146 958 254 1006; x_wconf 70' lang='lat' dir='ltr'><strong>Una</strong></span> <span class='ocrx_word' id='word_1_80' title='bbox 272 959 533 1020; x_wconf 71' lang='lat' dir='ltr'><strong>eademque</strong></span> <span class='ocrx_word' id='word_1_81' title='bbox 560 960 632 1005; x_wconf 73' lang='lat' dir='ltr'><strong>via</strong></span> <span class='ocrx_word' id='word_1_82' title='bbox 659 959 848 1018; x_wconf 83' lang='lat' dir='ltr'><strong>sanguis</strong></span> <span class='ocrx_word' id='word_1_83' title='bbox 870 958 1147 1019; x_wconf 85' lang='lat' dir='ltr'><strong>animusque</strong></span> <span class='ocrx_word' id='word_1_84' title='bbox 1175 970 1458 1021; x_wconf 86' lang='lat' dir='ltr'><strong>sequuntur.</strong></span> 
     </span>
     <span class='ocr_line' id='line_1_14' title="bbox 147 1023 1422 1085; baseline 0.002 -14"><span class='ocrx_word' id='word_1_85' title='bbox 147 1026 340 1072; x_wconf 80' lang='lat' dir='ltr'>Corruit</span> <span class='ocrx_word' id='word_1_86' title='bbox 360 1026 402 1071; x_wconf 87' lang='lat' dir='ltr'><strong>in</strong></span> <span class='ocrx_word' id='word_1_87' title='bbox 424 1026 624 1070; x_wconf 85' lang='lat' dir='ltr'><strong>vulnus:</strong></span> <span class='ocrx_word' id='word_1_88' title='bbox 663 1027 870 1070; x_wconf 86' lang='lat' dir='ltr'><strong>sonitum</strong></span> <span class='ocrx_word' id='word_1_89' title='bbox 900 1023 1046 1085; x_wconf 70' lang='lat' dir='ltr'><strong>super</strong></span> <span class='ocrx_word' id='word_1_90' title='bbox 1068 1039 1196 1069; x_wconf 87' lang='lat' dir='ltr'><strong>arma</strong></span> <span class='ocrx_word' id='word_1_91' title='bbox 1214 1025 1422 1075; x_wconf 78' lang='lat' dir='ltr'><strong>dedere:</strong></span> 
     </span>
     <span class='ocr_line' id='line_1_15' title="bbox 145 1090 1369 1149; baseline 0.002 -13"><span class='ocrx_word' id='word_1_92' title='bbox 145 1091 207 1137; x_wconf 85' lang='lat' dir='ltr'><strong>Et</strong></span> <span class='ocrx_word' id='word_1_93' title='bbox 233 1097 402 1137; x_wconf 88' lang='lat' dir='ltr'><strong>terram</strong></span> <span class='ocrx_word' id='word_1_94' title='bbox 430 1091 651 1137; x_wconf 78' lang='lat' dir='ltr'><strong>hostilem</strong></span> <span class='ocrx_word' id='word_1_95' title='bbox 679 1091 879 1135; x_wconf 87' lang='lat' dir='ltr'><strong>moriens</strong></span> <span class='ocrx_word' id='word_1_96' title='bbox 909 1090 1026 1149; x_wconf 86' lang='lat' dir='ltr'><strong>petit</strong></span> <span class='ocrx_word' id='word_1_97' title='bbox 1049 1106 1128 1136; x_wconf 90' lang='lat' dir='ltr'><strong>ore</strong></span> <span class='ocrx_word' id='word_1_98' title='bbox 1155 1099 1369 1138; x_wconf 76' lang='lat' dir='ltr'><strong>cruento,</strong></span> 
     </span>
     <span class='ocr_line' id='line_1_16' title="bbox 149 1156 1459 1216; baseline -0.002 -14"><span class='ocrx_word' id='word_1_99' title='bbox 149 1157 304 1211; x_wconf 85' lang='lat' dir='ltr'><strong>Quem</strong></span> <span class='ocrx_word' id='word_1_100' title='bbox 329 1157 518 1202; x_wconf 89' lang='lat' dir='ltr'><strong>Turnus</strong></span> <span class='ocrx_word' id='word_1_101' title='bbox 547 1171 687 1216; x_wconf 90' lang='lat' dir='ltr'><strong>super</strong></span> <span class='ocrx_word' id='word_1_102' title='bbox 711 1156 964 1201; x_wconf 84' lang='lat' dir='ltr'><strong>assistens:</strong></span> <span class='ocrx_word' id='word_1_103' title='bbox 1362 1165 1459 1213; x_wconf 79' lang='lat'><strong>490</strong></span> 
     </span>
     <span class='ocr_line' id='line_1_17' title="bbox 144 1221 1460 1282; baseline 0.002 -14"><span class='ocrx_word' id='word_1_104' title='bbox 144 1222 380 1278; x_wconf 86' lang='lat' dir='ltr'><strong>Arcades,</strong></span> <span class='ocrx_word' id='word_1_105' title='bbox 407 1223 526 1278; x_wconf 86' lang='lat' dir='ltr'><strong>haec,</strong></span> <span class='ocrx_word' id='word_1_106' title='bbox 552 1222 720 1282; x_wconf 80' lang='lat' dir='ltr'><strong>inquit,</strong></span> <span class='ocrx_word' id='word_1_107' title='bbox 751 1237 980 1268; x_wconf 84' lang='lat' dir='ltr'><strong>memores</strong></span> <span class='ocrx_word' id='word_1_108' title='bbox 1010 1237 1112 1267; x_wconf 89' lang='lat' dir='ltr'><strong>mea</strong></span> <span class='ocrx_word' id='word_1_109' title='bbox 1137 1221 1266 1268; x_wconf 88' lang='lat' dir='ltr'><strong>dicta</strong></span> <span class='ocrx_word' id='word_1_110' title='bbox 1291 1224 1460 1270; x_wconf 86' lang='lat' dir='ltr'><strong>referte</strong></span> 
     </span>
     <span class='ocr_line' id='line_1_18' title="bbox 143 1287 1316 1350; baseline 0.002 -17"><span class='ocrx_word' id='word_1_111' title='bbox 143 1287 398 1334; x_wconf 86' lang='lat' dir='ltr'><strong>Evandro:</strong></span> <span class='ocrx_word' id='word_1_112' title='bbox 438 1288 624 1350; x_wconf 87' lang='lat' dir='ltr'><strong>qualem</strong></span> <span class='ocrx_word' id='word_1_113' title='bbox 656 1288 840 1343; x_wconf 88' lang='lat' dir='ltr'><strong>meruit,</strong></span> <span class='ocrx_word' id='word_1_114' title='bbox 867 1288 1085 1333; x_wconf 78' lang='lat' dir='ltr'>Pallanta</span> <span class='ocrx_word' id='word_1_115' title='bbox 1113 1289 1316 1336; x_wconf 79' lang='lat' dir='ltr'><strong>remitto,</strong></span> 
     </span>
     <span class='ocr_line' id='line_1_19' title="bbox 144 1353 1461 1415; baseline 0.002 -16"><span class='ocrx_word' id='word_1_116' title='bbox 144 1354 376 1415; x_wconf 83' lang='lat' dir='ltr'><strong>Quisquis</strong></span> <span class='ocrx_word' id='word_1_117' title='bbox 405 1354 553 1399; x_wconf 88' lang='lat' dir='ltr'><strong>honos</strong></span> <span class='ocrx_word' id='word_1_118' title='bbox 565 1353 751 1409; x_wconf 89' lang='lat' dir='ltr'><strong>tumuli,</strong></span> <span class='ocrx_word' id='word_1_119' title='bbox 767 1353 996 1414; x_wconf 87' lang='lat' dir='ltr'><strong>quicquid</strong></span> <span class='ocrx_word' id='word_1_120' title='bbox 1014 1354 1218 1399; x_wconf 87' lang='lat' dir='ltr'><strong>solamen</strong></span> <span class='ocrx_word' id='word_1_121' title='bbox 1237 1356 1461 1402; x_wconf 81' lang='lat' dir='ltr'><strong>humandi</strong></span> 
     </span>
     <span class='ocr_line' id='line_1_20' title="bbox 144 1418 1459 1486; baseline 0.002 -21"><span class='ocrx_word' id='word_1_122' title='bbox 144 1420 367 1480; x_wconf 78' lang='lat' dir='ltr'><strong>Largior:</strong></span> <span class='ocrx_word' id='word_1_123' title='bbox 399 1420 525 1466; x_wconf 91' lang='lat' dir='ltr'><strong>haud</strong></span> <span class='ocrx_word' id='word_1_124' title='bbox 549 1418 614 1465; x_wconf 90' lang='lat' dir='ltr'><strong>illi</strong></span> <span class='ocrx_word' id='word_1_125' title='bbox 641 1419 836 1465; x_wconf 87' lang='lat' dir='ltr'><strong>stabunt</strong></span> <span class='ocrx_word' id='word_1_126' title='bbox 863 1419 1026 1465; x_wconf 81' lang='lat' dir='ltr'><strong>AEne&#39;ia</strong></span> <span class='ocrx_word' id='word_1_127' title='bbox 1054 1435 1199 1479; x_wconf 85' lang='lat' dir='ltr'><strong>parvo</strong></span> <span class='ocrx_word' id='word_1_128' title='bbox 1352 1423 1459 1486; x_wconf 86' lang='lat' dir='ltr'><strong>[est‚</strong></span> 
     </span>
     <span class='ocr_line' id='line_1_21' title="bbox 150 1484 1327 1547; baseline 0.001 -16"><span class='ocrx_word' id='word_1_129' title='bbox 150 1485 391 1547; x_wconf 87' lang='lat' dir='ltr'><strong>Hospitia.</strong></span> <span class='ocrx_word' id='word_1_130' title='bbox 461 1487 520 1532; x_wconf 86' lang='lat' dir='ltr'><strong>Et</strong></span> <span class='ocrx_word' id='word_1_131' title='bbox 548 1485 669 1531; x_wconf 88' lang='lat' dir='ltr'><strong>laevo</strong></span> <span class='ocrx_word' id='word_1_132' title='bbox 695 1486 858 1545; x_wconf 85' lang='lat' dir='ltr'><strong>pressit</strong></span> <span class='ocrx_word' id='word_1_133' title='bbox 885 1486 1023 1545; x_wconf 83' lang='lat' dir='ltr'><strong>pede,</strong></span> <span class='ocrx_word' id='word_1_134' title='bbox 1051 1485 1164 1531; x_wconf 86' lang='lat' dir='ltr'><strong>talia.</strong></span> <span class='ocrx_word' id='word_1_135' title='bbox 1188 1484 1327 1541; x_wconf 80' lang='lat' dir='ltr'><strong>fatuS,</strong></span> 
     </span>
     <span class='ocr_line' id='line_1_22' title="bbox 147 1550 1316 1612; baseline 0.001 -16"><span class='ocrx_word' id='word_1_136' title='bbox 147 1551 437 1606; x_wconf 81' lang='lat' dir='ltr'><strong>Exanimem,</strong></span> <span class='ocrx_word' id='word_1_137' title='bbox 461 1551 648 1612; x_wconf 88' lang='lat' dir='ltr'><strong>rapiens</strong></span> <span class='ocrx_word' id='word_1_138' title='bbox 675 1550 893 1596; x_wconf 85' lang='lat' dir='ltr'><strong>immania</strong></span> <span class='ocrx_word' id='word_1_139' title='bbox 920 1551 1131 1612; x_wconf 89' lang='lat' dir='ltr'><strong>pondera</strong></span> <span class='ocrx_word' id='word_1_140' title='bbox 1154 1552 1316 1608; x_wconf 84' lang='lat' dir='ltr'><strong>baltei,</strong></span> 
     </span>
     <span class='ocr_line' id='line_1_23' title="bbox 144 1615 1284 1679; baseline 0.002 -18"><span class='ocrx_word' id='word_1_141' title='bbox 144 1617 536 1679; x_wconf 85' lang='lat' dir='ltr'><strong>lmpressumque</strong></span> <span class='ocrx_word' id='word_1_142' title='bbox 563 1615 694 1662; x_wconf 83' lang='lat' dir='ltr'><strong>nefas</strong></span> <span class='ocrx_word' id='word_1_143' title='bbox 720 1616 835 1673; x_wconf 71' lang='lat' dir='ltr'><strong>(una</strong></span> <span class='ocrx_word' id='word_1_144' title='bbox 859 1619 947 1662; x_wconf 90' lang='lat' dir='ltr'><strong>sub</strong></span> <span class='ocrx_word' id='word_1_145' title='bbox 974 1616 1284 1679; x_wconf 84' lang='lat' dir='ltr'><strong>noctejugali</strong></span> 
     </span>
     <span class='ocr_line' id='line_1_24' title="bbox 142 1681 1436 1743; baseline 0.002 -16"><span class='ocrx_word' id='word_1_146' title='bbox 142 1682 279 1728; x_wconf 89' lang='lat' dir='ltr'><strong>Caesa</strong></span> <span class='ocrx_word' id='word_1_147' title='bbox 307 1699 471 1728; x_wconf 88' lang='lat' dir='ltr'><strong>manus</strong></span> <span class='ocrx_word' id='word_1_148' title='bbox 488 1682 722 1741; x_wconf 84' lang='lat' dir='ltr'><strong>juvenum</strong></span> <span class='ocrx_word' id='word_1_149' title='bbox 753 1681 894 1738; x_wconf 77' lang='lat' dir='ltr'><strong>foede,</strong></span> <span class='ocrx_word' id='word_1_150' title='bbox 921 1683 1209 1743; x_wconf 77' lang='lat' dir='ltr'><strong>thalamique</strong></span> <span class='ocrx_word' id='word_1_151' title='bbox 1233 1683 1436 1742; x_wconf 77' lang='lat' dir='ltr'><strong>cruenti)</strong></span> 
     </span>
     <span class='ocr_line' id='line_1_25' title="bbox 143 1747 1353 1809; baseline 0.003 -17"><span class='ocrx_word' id='word_1_152' title='bbox 143 1749 264 1802; x_wconf 80' lang='lat' dir='ltr'><strong>Quae</strong></span> <span class='ocrx_word' id='word_1_153' title='bbox 291 1749 469 1795; x_wconf 89' lang='lat' dir='ltr'><strong>Clonus</strong></span> <span class='ocrx_word' id='word_1_154' title='bbox 494 1748 747 1809; x_wconf 86' lang='lat' dir='ltr'><strong>Eurytides</strong></span> <span class='ocrx_word' id='word_1_155' title='bbox 774 1747 920 1794; x_wconf 88' lang='lat' dir='ltr'><strong>multo</strong></span> <span class='ocrx_word' id='word_1_156' title='bbox 940 1748 1192 1796; x_wconf 76' lang='lat' dir='ltr'><strong>caelaverat</strong></span> <span class='ocrx_word' id='word_1_157' title='bbox 1215 1764 1353 1796; x_wconf 85' lang='lat' dir='ltr'><strong>auro:</strong></span> 
     </span>
     <span class='ocr_line' id='line_1_26' title="bbox 142 1814 1436 1875; baseline 0.002 -16"><span class='ocrx_word' id='word_1_158' title='bbox 142 1815 254 1870; x_wconf 86' lang='lat' dir='ltr'><strong>Quo</strong></span> <span class='ocrx_word' id='word_1_159' title='bbox 281 1830 406 1859; x_wconf 90' lang='lat' dir='ltr'><strong>nunc</strong></span> <span class='ocrx_word' id='word_1_160' title='bbox 426 1814 614 1860; x_wconf 87' lang='lat' dir='ltr'><strong>Turnus</strong></span> <span class='ocrx_word' id='word_1_161' title='bbox 640 1821 752 1859; x_wconf 90' lang='lat' dir='ltr'><strong>ovat</strong></span> <span class='ocrx_word' id='word_1_162' title='bbox 776 1814 928 1873; x_wconf 90' lang='lat' dir='ltr'><strong>spolio</strong></span> <span class='ocrx_word' id='word_1_163' title='bbox 947 1815 1214 1875; x_wconf 76' lang='lat' dir='ltr'><strong>gaudetque</strong></span> <span class='ocrx_word' id='word_1_164' title='bbox 1241 1815 1436 1875; x_wconf 86' lang='lat' dir='ltr'><strong>potitus.</strong></span> 
     </span>
     <span class='ocr_line' id='line_1_27' title="bbox 208 1878 1449 1940; baseline 0.003 -14"><span class='ocrx_word' id='word_1_165' title='bbox 208 1880 383 1926; x_wconf 87' lang='lat' dir='ltr'><strong>Nescia</strong></span> <span class='ocrx_word' id='word_1_166' title='bbox 409 1878 1127 1940; x_wconf 84' lang='lat' dir='ltr'><strong>menshominumfatisortisque</strong></span> <span class='ocrx_word' id='word_1_167' title='bbox 1148 1881 1337 1936; x_wconf 85' lang='lat' dir='ltr'><strong>futurae,</strong></span> <span class='ocrx_word' id='word_1_168' title='bbox 1358 1889 1449 1930; x_wconf 77' lang='lat'><strong>501</strong></span> 
     </span>
     <span class='ocr_line' id='line_1_28' title="bbox 143 1944 1311 2001; baseline 0.001 -10"><span class='ocrx_word' id='word_1_169' title='bbox 143 1945 204 1992; x_wconf 82' lang='lat' dir='ltr'><strong>Et</strong></span> <span class='ocrx_word' id='word_1_170' title='bbox 229 1961 415 1992; x_wconf 82' lang='lat' dir='ltr'><strong>servare</strong></span> <span class='ocrx_word' id='word_1_171' title='bbox 441 1944 655 2001; x_wconf 88' lang='lat' dir='ltr'><strong>modum,</strong></span> <span class='ocrx_word' id='word_1_172' title='bbox 679 1945 821 1991; x_wconf 90' lang='lat' dir='ltr'><strong>rebus</strong></span> <span class='ocrx_word' id='word_1_173' title='bbox 846 1946 1036 1991; x_wconf 86' lang='lat' dir='ltr'><strong>sublata</strong></span> <span class='ocrx_word' id='word_1_174' title='bbox 1058 1946 1311 1992; x_wconf 88' lang='lat' dir='ltr'><strong>secundis!</strong></span> 
     </span>
     <span class='ocr_line' id='line_1_29' title="bbox 140 2009 1442 2072; baseline 0.002 -14"><span class='ocrx_word' id='word_1_175' title='bbox 140 2012 304 2059; x_wconf 89' lang='lat' dir='ltr'><strong>Turno</strong></span> <span class='ocrx_word' id='word_1_176' title='bbox 329 2019 516 2070; x_wconf 87' lang='lat' dir='ltr'><strong>tempus</strong></span> <span class='ocrx_word' id='word_1_177' title='bbox 542 2009 646 2066; x_wconf 85' lang='lat' dir='ltr'><strong>erit,</strong></span> <span class='ocrx_word' id='word_1_178' title='bbox 671 2027 841 2071; x_wconf 87' lang='lat' dir='ltr'><strong>magno</strong></span> <span class='ocrx_word' id='word_1_179' title='bbox 867 2012 972 2057; x_wconf 69' lang='lat' dir='ltr'><strong>cum</strong></span> <span class='ocrx_word' id='word_1_180' title='bbox 999 2013 1236 2072; x_wconf 86' lang='lat' dir='ltr'><strong>optaverit</strong></span> <span class='ocrx_word' id='word_1_181' title='bbox 1261 2020 1442 2060; x_wconf 88' lang='lat' dir='ltr'><strong>emtum</strong></span> 
     </span>
     <span class='ocr_line' id='line_1_30' title="bbox 143 2077 1394 2140; baseline 0.003 -17"><span class='ocrx_word' id='word_1_182' title='bbox 143 2077 385 2123; x_wconf 87' lang='lat' dir='ltr'><strong>lutactum</strong></span> <span class='ocrx_word' id='word_1_183' title='bbox 412 2077 648 2130; x_wconf 78' lang='lat' dir='ltr'><strong>Pallanta3</strong></span> <span class='ocrx_word' id='word_1_184' title='bbox 677 2085 725 2122; x_wconf 92' lang='lat' dir='ltr'><strong>et</strong></span> <span class='ocrx_word' id='word_1_185' title='bbox 749 2077 858 2123; x_wconf 69' lang='lat' dir='ltr'><strong>cum</strong></span> <span class='ocrx_word' id='word_1_186' title='bbox 885 2077 1034 2139; x_wconf 86' lang='lat' dir='ltr'><strong>spolia</strong></span> <span class='ocrx_word' id='word_1_187' title='bbox 1059 2078 1147 2123; x_wconf 87' lang='lat' dir='ltr'><strong>ista</strong></span> <span class='ocrx_word' id='word_1_188' title='bbox 1173 2079 1394 2140; x_wconf 83' lang='lat' dir='ltr'><strong>diemque</strong></span> 
     </span>
     <span class='ocr_line' id='line_1_31' title="bbox 143 2142 1327 2208; baseline 0.002 -18"><span class='ocrx_word' id='word_1_189' title='bbox 143 2142 335 2190; x_wconf 88' lang='lat' dir='ltr'><strong>Oderit.</strong></span> <span class='ocrx_word' id='word_1_190' title='bbox 405 2146 470 2190; x_wconf 82' lang='lat' dir='ltr'><strong>At</strong></span> <span class='ocrx_word' id='word_1_191' title='bbox 491 2143 608 2188; x_wconf 85' lang='lat' dir='ltr'><strong>socii</strong></span> <span class='ocrx_word' id='word_1_192' title='bbox 632 2145 781 2190; x_wconf 89' lang='lat' dir='ltr'><strong>multo</strong></span> <span class='ocrx_word' id='word_1_193' title='bbox 805 2144 982 2205; x_wconf 84' lang='lat' dir='ltr'><strong>gemitu</strong></span> <span class='ocrx_word' id='word_1_194' title='bbox 1009 2144 1327 2208; x_wconf 77' lang='lat' dir='ltr'><strong>lacrymisque</strong></span> 
     </span>
     <span class='ocr_line' id='line_1_32' title="bbox 141 2209 1375 2272; baseline 0.003 -16"><span class='ocrx_word' id='word_1_195' title='bbox 141 2209 426 2272; x_wconf 87' lang='lat' dir='ltr'><strong>Impositum</strong></span> <span class='ocrx_word' id='word_1_196' title='bbox 453 2219 593 2256; x_wconf 90' lang='lat' dir='ltr'><strong>scuto</strong></span> <span class='ocrx_word' id='word_1_197' title='bbox 614 2209 819 2256; x_wconf 88' lang='lat' dir='ltr'><strong>referunt</strong></span> <span class='ocrx_word' id='word_1_198' title='bbox 844 2210 1059 2257; x_wconf 81' lang='lat' dir='ltr'><strong>Pallanta</strong></span> <span class='ocrx_word' id='word_1_199' title='bbox 1086 2211 1375 2272; x_wconf 60' lang='lat' dir='ltr'><strong>frequentes„</strong></span> 
     </span>
     <span class='ocr_line' id='line_1_33' title="bbox 141 2274 1433 2339; baseline 0.002 -17"><span class='ocrx_word' id='word_1_200' title='bbox 141 2274 190 2323; x_wconf 93' lang='grc' dir='ltr'><strong>Ο</strong></span> <span class='ocrx_word' id='word_1_201' title='bbox 211 2276 367 2332; x_wconf 90' lang='lat' dir='ltr'><strong>dolor,</strong></span> <span class='ocrx_word' id='word_1_202' title='bbox 393 2284 535 2338; x_wconf 85' lang='lat' dir='ltr'><strong>atque</strong></span> <span class='ocrx_word' id='word_1_203' title='bbox 555 2276 700 2322; x_wconf 90' lang='lat' dir='ltr'><strong>decus</strong></span> <span class='ocrx_word' id='word_1_204' title='bbox 730 2291 956 2337; x_wconf 87' lang='lat' dir='ltr'><strong>magnum</strong></span> <span class='ocrx_word' id='word_1_205' title='bbox 980 2276 1192 2324; x_wconf 82' lang='lat' dir='ltr'><strong>rediture</strong></span> <span class='ocrx_word' id='word_1_206' title='bbox 1218 2280 1433 2339; x_wconf 87' lang='lat' dir='ltr'><strong>parenti!</strong></span> 
     </span>
     <span class='ocr_line' id='line_1_34' title="bbox 144 2340 1466 2403; baseline 0.003 -16"><span class='ocrx_word' id='word_1_207' title='bbox 144 2340 265 2388; x_wconf 86' lang='lat' dir='ltr'><strong>Haec</strong></span> <span class='ocrx_word' id='word_1_208' title='bbox 290 2350 334 2387; x_wconf 86' lang='lat' dir='ltr'><strong>te</strong></span> <span class='ocrx_word' id='word_1_209' title='bbox 358 2343 506 2403; x_wconf 86' lang='lat' dir='ltr'><strong>prima</strong></span> <span class='ocrx_word' id='word_1_210' title='bbox 529 2341 633 2388; x_wconf 88' lang='lat' dir='ltr'><strong>dies</strong></span> <span class='ocrx_word' id='word_1_211' title='bbox 655 2342 780 2387; x_wconf 87' lang='lat' dir='ltr'><strong>bello</strong></span> <span class='ocrx_word' id='word_1_212' title='bbox 801 2342 948 2399; x_wconf 85' lang='lat' dir='ltr'><strong>dedit,</strong></span> <span class='ocrx_word' id='word_1_213' title='bbox 964 2342 1071 2391; x_wconf 81' lang='lat' dir='ltr'><strong>haec</strong></span> <span class='ocrx_word' id='word_1_214' title='bbox 1086 2344 1254 2391; x_wconf 86' lang='lat' dir='ltr'><strong>eadem</strong></span> <span class='ocrx_word' id='word_1_215' title='bbox 1272 2344 1423 2391; x_wconf 82' lang='lat' dir='ltr'><strong>aufert</strong></span> <span class='ocrx_word' id='word_1_216' title='bbox 1442 2361 1466 2399; x_wconf 72' lang='grc' dir='ltr'><strong>ς,</strong></span> 
     </span>
     <span class='ocr_line' id='line_1_35' title="bbox 145 2405 1421 2470; baseline 0.002 -16"><span class='ocrx_word' id='word_1_217' title='bbox 145 2405 268 2454; x_wconf 63' lang='lat' dir='ltr'><strong>Cum</strong></span> <span class='ocrx_word' id='word_1_218' title='bbox 293 2415 450 2454; x_wconf 87' lang='lat' dir='ltr'><strong>tamen</strong></span> <span class='ocrx_word' id='word_1_219' title='bbox 469 2407 684 2470; x_wconf 87' lang='lat' dir='ltr'><strong>ingentes</strong></span> <span class='ocrx_word' id='word_1_220' title='bbox 708 2408 992 2456; x_wconf 85' lang='lat' dir='ltr'><strong>Rutulorum</strong></span> <span class='ocrx_word' id='word_1_221' title='bbox 1014 2411 1190 2470; x_wconf 87' lang='lat' dir='ltr'><strong>linquis</strong></span> <span class='ocrx_word' id='word_1_222' title='bbox 1207 2426 1421 2457; x_wconf 76' lang='lat' dir='ltr'><strong>acervos,</strong></span> 
     </span>
     <span class='ocr_line' id='line_1_36' title="bbox 211 2471 1469 2534; baseline 0.001 -16"><span class='ocrx_word' id='word_1_223' title='bbox 211 2471 427 2534; x_wconf 87' lang='lat' dir='ltr'><strong>Necjam</strong></span> <span class='ocrx_word' id='word_1_224' title='bbox 447 2473 570 2521; x_wconf 78' lang='lat' dir='ltr'><strong>fama</strong></span> <span class='ocrx_word' id='word_1_225' title='bbox 589 2473 851 2532; x_wconf 68' lang='lat' dir='ltr'><strong>meditanti,</strong></span> <span class='ocrx_word' id='word_1_226' title='bbox 874 2476 959 2524; x_wconf 86' lang='lat' dir='ltr'><strong>sed</strong></span> <span class='ocrx_word' id='word_1_227' title='bbox 989 2479 1162 2525; x_wconf 84' lang='lat' dir='ltr'><strong>certior</strong></span> <span class='ocrx_word' id='word_1_228' title='bbox 1175 2486 1339 2523; x_wconf 82' lang='lat' dir='ltr'><strong>auctor</strong></span> <span class='ocrx_word' id='word_1_229' title='bbox 1354 2484 1469 2524; x_wconf 78' lang='lat'>510.</span> 
     </span>
    </p>
   </div>
  </div>
 </body>
</html>
