1546 2686
575 80 824 117 AExmnos
871 78 983 117 Lm.
1025 72 1070 116 1.
1374 72 1458 117 105

156 197 463 246 Succinctam
486 196 706 260 pharetra
726 204 771 243 et
796 195 1050 244 maculosae
1072 198 1276 259 tegmine
1293 198 1460 260 lyncis,

155 269 250 310 Aut
277 265 539 326 spumantis
576 262 672 325 apri
700 274 886 309 cursum
914 262 1120 309 clamore
1148 276 1461 326 prementem.

219 331 298 376 Sic
324 332 509 385 Venus;
549 340 598 377 at
624 329 818 375 Veneris
846 329 1013 375 contra
1040 330 1108 375 sic
1136 330 1259 376 filius
1286 348 1420 379 orsus
1447 349 1458 379 ε

151 395 294 441 Nulla
317 405 502 442 tuarum
524 396 685 443 audita
705 395 835 451 mihi,
864 412 1017 458 neque
1038 396 1133 442 visa
1159 414 1389 453 sororum,

151 461 195 506 Ο
236 465 400 523 (quam
437 473 483 509 te
510 478 766 510 memorem
789 461 826 519 7.)
856 463 997 524 Virgo
1020 480 1031 516 ;
1083 479 1289 525 numque
1316 464 1458 532 *haud

283 528 368 574 tibi
394 530 553 577 vultus

151 593 387 649 Mortalis,
412 613 497 642 nec
516 613 606 644 vox
625 597 863 644 hominem
886 604 1038 643 sonat.
1111 596 1154 642 O
1177 597 1276 642 Dea
1297 599 1425 643 cert‘e
1446 616 1457 649 ς

146 662 221 704 An
250 661 414 708 Phoebi
437 680 589 721 soror,
618 681 675 711 an
708 664 1043 727 Nympharum
1064 663 1304 723 sanguinis
1332 665 1460 711 una?

146 725 221 770 Sis
245 726 370 782 felix,
391 739 702 794 nostrumque
719 731 862 788 leves,
884 745 1202 791 quaecunque,
1221 729 1456 777 laborem:

145 791 203 837 Et
224 809 320 854 quo
341 796 430 841 sub
456 797 575 842 coelo
601 797 815 853 tandem,
837 797 1009 860 quibus
1029 796 1156 841 orbis
1184 796 1227 841 in
1250 796 1340 841 oris
1361 802 1453 845 331

141 858 398 916 Jactemur‚
422 863 630 911 doceas:
673 864 819 926 ignari
847 864 1189 923 hominumque
1216 863 1458 908 locorum-

145 925 384 981 Erramus,
413 938 552 975 vento
574 931 666 976 huc
693 939 739 976 et
766 931 906 976 vastis
934 929 1162 974 fluctibus
1189 929 1301 975 acti.
1342 931 1457 991 [que

141 989 301 1038 Multa
329 994 411 1039 tibi
437 1005 546 1042 ante
572 1013 676 1043 aras
701 998 862 1042 nostra
892 996 1031 1043 cadet
1059 995 1213 1041 hostia
1238 996 1423 1045 dextra.

205 1058 330 1105 Tum
354 1061 542 1107 Venus:
580 1063 721 1109 Haud
744 1063 965 1124 equidem
989 1061 1069 1108 tali
1098 1079 1168 1108 me
1185 1061 1354 1123 dignor
1375 1068 1458 1108 no-

141 1124 414 1185 Virginibus
427 1128 586 1191 Tyriis
603 1146 701 1176 mos
719 1139 791 1176 est
806 1138 985 1192 gestare
998 1129 1286 1189 pharetram,
1303 1129 1452 1192 [nore.

139 1189 484 1256 Purpureoque
509 1196 604 1242 alte
631 1213 763 1242 suras
787 1197 965 1243 vincire
986 1195 1235 1242 cothurno,

139 1255 321 1304 Punica
347 1276 487 1321 regna
514 1261 662 1316 vides,
685 1264 877 1326 Tyrios,
917 1271 964 1309 et
990 1262 1221 1319 Agenoris
1253 1261 1412 1307 urben}
1437 1280 1450 1318 ;

139 1322 231 1368 Sed
261 1323 379 1372 fines
400 1327 583 1390 Libyci,
608 1346 757 1390 genus
786 1328 1087 1376 intractabile
1112 1328 1253 1374 bello.

138 1389 396 1451 Imperium
422 1393 549 1439 Dido
574 1395 646 1456 T)
659 1395 727 1440 ria
754 1396 871 1456 regit
900 1398 1012 1441 urbe
1036 1394 1269 1456 profecta,
1353 1398 1451 1441 :340

137 1456 432 1504 Germanum
457 1458 657 1520 fugiens.
732 1462 896 1523 Longa
916 1470 986 1507 est
1004 1461 1191 1520 injuria,
1216 1463 1371 1520 longae

136 1522 407 1585 Ambages;
437 1526 521 1572 sed
548 1542 728 1572 summa
757 1543 928 1588 sequar
954 1528 1135 1589 fastigia
1160 1544 1334 1572 rerum.

138 1586 264 1632 Huic
293 1590 471 1649 conjux
499 1592 725 1653 Sychaeus
751 1602 866 1648 erat,
895 1594 1159 1640 ditissimus
1185 1597 1282 1656 agri

138 1651 432 1711 Phoenicum,
455 1666 498 1703 et
527 1674 695 1720 magno
722 1659 903 1706 miserae
931 1660 1134 1706 dilectus
1155 1678 1316 1708 amore
1338 1679 1348 1715 ;

138 1718 227 1764 Cui
254 1728 386 1781 pater
410 1722 641 1771 intactam
662 1725 874 1782 dederat,
901 1727 1164 1789 primisque
1182 1728 1383 1789 ¹iugarat

139 1785 424 1835 Ominibus:
456 1789 538 1836 sed
566 1807 707 1852 regna
733 1793 851 1855 Tyri
878 1809 1128 1855 germanus
1157 1795 1370 1842 habebat

136 1851 431 1914 Pygmalion,
459 1857 637 1904 scelere
663 1867 773 1904 ante
798 1859 912 1905 alios
939 1861 1184 1908 immanior
1209 1878 1390 1909 omncs.

137 1918 273 1970 Quos
299 1921 417 1967 inter
437 1923 617 1970 medius
645 1926 769 1971 venit
791 1927 948 1972 furor:
977 1928 1050 1973 ille
1079 1929 1353 1990 Sychaeum,

133 1982 315 2046 Impius
340 1996 450 2035 ante
474 2006 594 2046 araS,
623 2001 770 2052 atque
788 1993 887 2038 auri
913 2010 1070 2040 caecus
1097 2011 1275 2050 amore,
1348 2004 1444 2053 349

136 2050 273 2098 Ciam
300 2053 421 2100 ferro
447 2056 689 2103 incautum
713 2069 918 2119 superat,
944 2077 1139 2107 securus
1165 2078 1377 2108 amorum

136 2116 410 2167 Germanae:
439 2122 721 2186 factumque
747 2128 826 2171 diu
853 2128 1052 2180 celavit;
1080 2138 1126 2174 et
1152 2144 1341 2188 ἓνὲν-(ιιι),

135 2183 290 2230 Multa
310 2187 462 2234 malus
488 2189 730 2247 simulans,
759 2193 877 2238 vana
905 2210 988 2255 spe
1016 2195 1125 2240 lusit
1151 2211 1408 2243 amantem.

135 2251 242 2308 Ipsa
264 2252 343 2298 sed
371 2253 415 2298 in
443 2257 621 2302 somnis
650 2257 878 2304 inhumati
907 2262 1027 2306 venit
1058 2261 1209 2321 imago

135 2316 381 2380 Conjugis,
403 2336 482 2366 ora
511 2325 661 2369 modis
686 2325 902 2372 attollens
925 2328 1103 2388 pallida
1132 2329 1273 2384 miris,

133 2383 357 2429 Crudeles
378 2402 496 2443 araS,
518 2389 810 2450 trajectaque
834 2405 1027 2453 pectora
1056 2394 1177 2439 ferro

134 2449 365 2506 Nudavit,
395 2468 675 2517 caecumque
710 2458 886 2504 doinus
914 2460 1066 2505 scelus
1093 2477 1231 2505 omne
1257 2461 1438 2509 retexit.

133 2514 260 2560 Tum
289 2517 492 2565 celerare
515 2519 689 2582 fugam,
719 2525 965 2588 patriaque
984 2528 1217 2573 excedere
1240 2529 1439 2580 suadem
