<?xml version="1.0" encoding="UTF-8"?>
<!DOCTYPE html PUBLIC "-//W3C//DTD XHTML 1.0 Transitional//EN"
    "http://www.w3.org/TR/xhtml1/DTD/xhtml1-transitional.dtd">
<html xmlns="http://www.w3.org/1999/xhtml" xml:lang="en" lang="en">
 <head>
  <title>
</title>
<meta http-equiv="Content-Type" content="text/html;charset=utf-8" />
  <meta name='ocr-system' content='tesseract 3.04.00' />
  <meta name='ocr-capabilities' content='ocr_page ocr_carea ocr_par ocr_line ocrx_word'/>
</head>
<body>
  <div class='ocr_page' id='page_1' title='image "./operaadfidemopti00virguoft/operaadfidemopti00virguoft_0368.png"; bbox 0 0 1586 2704; ppageno 0'>
   <div class='ocr_carea' id='block_1_1' title="bbox 127 99 1101 145">
    <p class='ocr_par' dir='ltr' id='par_1_1' title="bbox 127 99 1101 145">
     <span class='ocr_line' id='line_1_1' title="bbox 127 99 1101 145; baseline -0.005 0"><span class='ocrx_word' id='word_1_1' title='bbox 127 99 224 145; x_wconf 70' lang='lat'>364</span> <span class='ocrx_word' id='word_1_2' title='bbox 455 108 504 141; x_wconf 90' lang='lat' dir='ltr'>P.</span> <span class='ocrx_word' id='word_1_3' title='bbox 544 108 794 141; x_wconf 78' lang='lat' dir='ltr'>VIRG1L11</span> <span class='ocrx_word' id='word_1_4' title='bbox 836 107 1101 142; x_wconf 77' lang='lat' dir='ltr'>MARoms</span> 
     </span>
    </p>
   </div>
   <div class='ocr_carea' id='block_1_2' title="bbox 114 221 1431 2608">
    <p class='ocr_par' dir='ltr' id='par_1_2' title="bbox 125 221 1431 401">
     <span class='ocr_line' id='line_1_2' title="bbox 125 221 1364 286; baseline -0.001 -16"><span class='ocrx_word' id='word_1_5' title='bbox 125 224 217 270; x_wconf 86' lang='lat' dir='ltr'>Vix</span> <span class='ocrx_word' id='word_1_6' title='bbox 242 239 314 279; x_wconf 88' lang='lat' dir='ltr'>ea,</span> <span class='ocrx_word' id='word_1_7' title='bbox 343 222 450 268; x_wconf 71' lang='lat' dir='ltr'>curn</span> <span class='ocrx_word' id='word_1_8' title='bbox 475 223 708 286; x_wconf 80' lang='lat' dir='ltr'>lacrymas</span> <span class='ocrx_word' id='word_1_9' title='bbox 734 223 881 269; x_wconf 87' lang='lat' dir='ltr'>oculis</span> <span class='ocrx_word' id='word_1_10' title='bbox 906 224 1111 270; x_wconf 86' lang='lat' dir='ltr'>Juturna</span> <span class='ocrx_word' id='word_1_11' title='bbox 1134 221 1364 284; x_wconf 85' lang='lat' dir='ltr'>profudit,</span> 
     </span>
     <span class='ocr_line' id='line_1_3' title="bbox 125 289 1431 353; baseline 0 -17"><span class='ocrx_word' id='word_1_12' title='bbox 125 291 318 351; x_wconf 80' lang='lat' dir='ltr'>Terque</span> <span class='ocrx_word' id='word_1_13' title='bbox 344 297 609 351; x_wconf 77' lang='lat' dir='ltr'>quaterque</span> <span class='ocrx_word' id='word_1_14' title='bbox 637 306 778 335; x_wconf 85' lang='lat' dir='ltr'>manu</span> <span class='ocrx_word' id='word_1_15' title='bbox 804 298 975 353; x_wconf 87' lang='lat' dir='ltr'>pectus</span> <span class='ocrx_word' id='word_1_16' title='bbox 995 289 1234 352; x_wconf 81' lang='lat' dir='ltr'>percussit</span> <span class='ocrx_word' id='word_1_17' title='bbox 1263 290 1431 336; x_wconf 82' lang='lat' dir='ltr'>hones·</span> 
     </span>
     <span class='ocr_line' id='line_1_4' title="bbox 259 364 375 401; baseline 0 0"><span class='ocrx_word' id='word_1_18' title='bbox 259 364 375 401; x_wconf 88' lang='lat' dir='ltr'>tum.</span> 
     </span>
    </p>

    <p class='ocr_par' dir='ltr' id='par_1_3' title="bbox 126 420 1346 485">
     <span class='ocr_line' id='line_1_5' title="bbox 126 420 1346 485; baseline -0.002 -16"><span class='ocrx_word' id='word_1_19' title='bbox 126 423 235 469; x_wconf 83' lang='lat' dir='ltr'>Non</span> <span class='ocrx_word' id='word_1_20' title='bbox 258 421 478 485; x_wconf 71' lang='lat' dir='ltr'>lacrymis</span> <span class='ocrx_word' id='word_1_21' title='bbox 505 422 596 468; x_wconf 89' lang='lat' dir='ltr'>hoc</span> <span class='ocrx_word' id='word_1_22' title='bbox 623 430 833 484; x_wconf 87' lang='lat' dir='ltr'>tempus,</span> <span class='ocrx_word' id='word_1_23' title='bbox 854 421 920 468; x_wconf 86' lang='lat' dir='ltr'>ait</span> <span class='ocrx_word' id='word_1_24' title='bbox 947 420 1163 468; x_wconf 81' lang='lat' dir='ltr'>Saturnia</span> <span class='ocrx_word' id='word_1_25' title='bbox 1191 422 1346 476; x_wconf 89' lang='lat' dir='ltr'>Juno;</span> 
     </span>
    </p>

    <p class='ocr_par' dir='ltr' id='par_1_4' title="bbox 125 487 1426 549">
     <span class='ocr_line' id='line_1_6' title="bbox 125 487 1426 549; baseline -0.001 -14"><span class='ocrx_word' id='word_1_26' title='bbox 125 489 373 544; x_wconf 70' lang='lat' dir='ltr'>Aoeelera,</span> <span class='ocrx_word' id='word_1_27' title='bbox 399 497 445 534; x_wconf 87' lang='lat' dir='ltr'>et</span> <span class='ocrx_word' id='word_1_28' title='bbox 471 488 676 544; x_wconf 83' lang='lat' dir='ltr'>fratrem,</span> <span class='ocrx_word' id='word_1_29' title='bbox 699 489 733 534; x_wconf 86' lang='lat' dir='ltr'>si</span> <span class='ocrx_word' id='word_1_30' title='bbox 759 487 865 548; x_wconf 80' lang='lat' dir='ltr'>quis</span> <span class='ocrx_word' id='word_1_31' title='bbox 892 488 1078 543; x_wconf 79' lang='lat' dir='ltr'>modus,</span> <span class='ocrx_word' id='word_1_32' title='bbox 1105 488 1234 549; x_wconf 82' lang='lat' dir='ltr'>eripe</span> <span class='ocrx_word' id='word_1_33' title='bbox 1262 488 1426 534; x_wconf 85' lang='lat' dir='ltr'>morti:</span> 
     </span>
    </p>

    <p class='ocr_par' dir='ltr' id='par_1_5' title="bbox 124 554 1363 615">
     <span class='ocr_line' id='line_1_7' title="bbox 124 554 1363 615; baseline -0.001 -13"><span class='ocrx_word' id='word_1_34' title='bbox 124 557 222 602; x_wconf 87' lang='lat' dir='ltr'>Aut</span> <span class='ocrx_word' id='word_1_35' title='bbox 249 564 299 615; x_wconf 81' lang='lat' dir='ltr'>tu</span> <span class='ocrx_word' id='word_1_36' title='bbox 327 556 445 601; x_wconf 80' lang='lat' dir='ltr'>bella</span> <span class='ocrx_word' id='word_1_37' title='bbox 477 555 564 609; x_wconf 88' lang='lat' dir='ltr'>cie,</span> <span class='ocrx_word' id='word_1_38' title='bbox 592 562 979 615; x_wconf 74' lang='lat' dir='ltr'>conceptumque</span> <span class='ocrx_word' id='word_1_39' title='bbox 999 562 1169 600; x_wconf 76' lang='lat' dir='ltr'>excute</span> <span class='ocrx_word' id='word_1_40' title='bbox 1190 554 1363 601; x_wconf 85' lang='lat' dir='ltr'>foedus.</span> 
     </span>
    </p>

    <p class='ocr_par' dir='ltr' id='par_1_6' title="bbox 124 620 1298 683">
     <span class='ocr_line' id='line_1_8' title="bbox 124 620 1298 683; baseline 0 -15"><span class='ocrx_word' id='word_1_41' title='bbox 124 624 306 668; x_wconf 86' lang='lat' dir='ltr'>Auctor</span> <span class='ocrx_word' id='word_1_42' title='bbox 329 639 417 683; x_wconf 79' lang='lat' dir='ltr'>ego</span> <span class='ocrx_word' id='word_1_43' title='bbox 441 620 667 666; x_wconf 85' lang='lat' dir='ltr'>audendi.</span> <span class='ocrx_word' id='word_1_44' title='bbox 740 621 819 667; x_wconf 88' lang='lat' dir='ltr'>Sic</span> <span class='ocrx_word' id='word_1_45' title='bbox 837 624 1081 666; x_wconf 77' lang='lat' dir='ltr'>exhortata</span> <span class='ocrx_word' id='word_1_46' title='bbox 1109 621 1298 682; x_wconf 82' lang='lat' dir='ltr'>reliquit</span> 
     </span>
    </p>

    <p class='ocr_par' dir='ltr' id='par_1_7' title="bbox 124 684 1428 816">
     <span class='ocr_line' id='line_1_9' title="bbox 124 684 1428 743; baseline -0.001 -9"><span class='ocrx_word' id='word_1_47' title='bbox 124 689 381 743; x_wconf 75' lang='lat' dir='ltr'>Incertam,</span> <span class='ocrx_word' id='word_1_48' title='bbox 404 695 451 733; x_wconf 86' lang='lat' dir='ltr'>et</span> <span class='ocrx_word' id='word_1_49' title='bbox 477 687 598 732; x_wconf 81' lang='lat' dir='ltr'>tristi</span> <span class='ocrx_word' id='word_1_50' title='bbox 636 687 876 733; x_wconf 81' lang='lat' dir='ltr'>turbatam</span> <span class='ocrx_word' id='word_1_51' title='bbox 904 687 1090 733; x_wconf 77' lang='lat' dir='ltr'>vulnere</span> <span class='ocrx_word' id='word_1_52' title='bbox 1111 689 1294 735; x_wconf 85' lang='lat' dir='ltr'>mentis.</span> <span class='ocrx_word' id='word_1_53' title='bbox 1337 684 1428 736; x_wconf 83' lang='grc'>160</span> 
     </span>
     <span class='ocr_line' id='line_1_10' title="bbox 187 753 1119 816; baseline -0.001 -16"><span class='ocrx_word' id='word_1_54' title='bbox 187 755 374 800; x_wconf 85' lang='lat' dir='ltr'>Interea</span> <span class='ocrx_word' id='word_1_55' title='bbox 394 771 545 815; x_wconf 76' lang='lat' dir='ltr'>reges,</span> <span class='ocrx_word' id='word_1_56' title='bbox 574 753 753 816; x_wconf 78' lang='lat' dir='ltr'>ingenti</span> <span class='ocrx_word' id='word_1_57' title='bbox 780 754 902 799; x_wconf 89' lang='lat' dir='ltr'>mole</span> <span class='ocrx_word' id='word_1_58' title='bbox 923 754 1119 800; x_wconf 86' lang='lat' dir='ltr'>Latinus</span> 
     </span>
    </p>

    <p class='ocr_par' dir='ltr' id='par_1_8' title="bbox 124 819 1362 883">
     <span class='ocr_line' id='line_1_11' title="bbox 124 819 1362 883; baseline -0.001 -16"><span class='ocrx_word' id='word_1_59' title='bbox 124 820 425 883; x_wconf 83' lang='lat' dir='ltr'>Quadrijugo</span> <span class='ocrx_word' id='word_1_60' title='bbox 450 821 638 866; x_wconf 80' lang='lat' dir='ltr'>vehitur</span> <span class='ocrx_word' id='word_1_61' title='bbox 657 837 813 875; x_wconf 85' lang='lat' dir='ltr'>curru,</span> <span class='ocrx_word' id='word_1_62' title='bbox 838 821 915 867; x_wconf 91' lang='lat' dir='ltr'>cui</span> <span class='ocrx_word' id='word_1_63' title='bbox 942 828 1158 882; x_wconf 88' lang='lat' dir='ltr'>tempora</span> <span class='ocrx_word' id='word_1_64' title='bbox 1177 819 1362 866; x_wconf 72' lang='lat' dir='ltr'>circum</span> 
     </span>
    </p>

    <p class='ocr_par' dir='ltr' id='par_1_9' title="bbox 121 887 1105 949">
     <span class='ocr_line' id='line_1_12' title="bbox 121 887 1105 949; baseline 0 -16"><span class='ocrx_word' id='word_1_65' title='bbox 121 889 288 934; x_wconf 84' lang='lat' dir='ltr'>Aurati</span> <span class='ocrx_word' id='word_1_66' title='bbox 307 887 379 934; x_wconf 87' lang='lat' dir='ltr'>bis</span> <span class='ocrx_word' id='word_1_67' title='bbox 405 904 485 933; x_wconf 82' lang='lat' dir='ltr'>sex</span> <span class='ocrx_word' id='word_1_68' title='bbox 502 888 621 934; x_wconf 86' lang='lat' dir='ltr'>radii</span> <span class='ocrx_word' id='word_1_69' title='bbox 640 887 868 949; x_wconf 80' lang='lat' dir='ltr'>fulgentia</span> <span class='ocrx_word' id='word_1_70' title='bbox 895 888 1105 947; x_wconf 75' lang='lat' dir='ltr'>cingunt,</span> 
     </span>
    </p>

    <p class='ocr_par' dir='ltr' id='par_1_10' title="bbox 122 953 1280 1016">
     <span class='ocr_line' id='line_1_13' title="bbox 122 953 1280 1016; baseline -0.001 -16"><span class='ocrx_word' id='word_1_71' title='bbox 122 955 248 1001; x_wconf 82' lang='lat' dir='ltr'>Solis</span> <span class='ocrx_word' id='word_1_72' title='bbox 268 955 344 1001; x_wconf 87' lang='lat' dir='ltr'>avi</span> <span class='ocrx_word' id='word_1_73' title='bbox 363 954 603 1016; x_wconf 76' lang='lat' dir='ltr'><strong>specimen</strong></span> <span class='ocrx_word' id='word_1_74' title='bbox 627 971 637 1008; x_wconf 93' lang='grc'>;</span> <span class='ocrx_word' id='word_1_75' title='bbox 666 954 784 1014; x_wconf 82' lang='lat' dir='ltr'>bigis</span> <span class='ocrx_word' id='word_1_76' title='bbox 807 956 845 1000; x_wconf 84' lang='lat' dir='ltr'>it</span> <span class='ocrx_word' id='word_1_77' title='bbox 862 955 1052 1001; x_wconf 83' lang='lat' dir='ltr'>Turnus</span> <span class='ocrx_word' id='word_1_78' title='bbox 1078 955 1122 1000; x_wconf 90' lang='lat' dir='ltr'>in</span> <span class='ocrx_word' id='word_1_79' title='bbox 1140 953 1280 1009; x_wconf 83' lang='lat' dir='ltr'>albis,</span> 
     </span>
    </p>

    <p class='ocr_par' dir='ltr' id='par_1_11' title="bbox 121 1020 1137 1082">
     <span class='ocr_line' id='line_1_14' title="bbox 121 1020 1137 1082; baseline -0.002 -15"><span class='ocrx_word' id='word_1_80' title='bbox 121 1022 242 1068; x_wconf 85' lang='lat' dir='ltr'>Bina</span> <span class='ocrx_word' id='word_1_81' title='bbox 262 1038 404 1067; x_wconf 89' lang='lat' dir='ltr'>manu</span> <span class='ocrx_word' id='word_1_82' title='bbox 428 1021 525 1067; x_wconf 88' lang='lat' dir='ltr'>lato</span> <span class='ocrx_word' id='word_1_83' title='bbox 550 1021 759 1082; x_wconf 71' lang='lat' dir='ltr'>clispans</span> <span class='ocrx_word' id='word_1_84' title='bbox 786 1022 972 1067; x_wconf 80' lang='lat' dir='ltr'>hastilia</span> <span class='ocrx_word' id='word_1_85' title='bbox 998 1020 1137 1067; x_wconf 87' lang='lat' dir='ltr'>ferro.</span> 
     </span>
    </p>

    <p class='ocr_par' dir='ltr' id='par_1_12' title="bbox 122 1087 1236 1150">
     <span class='ocr_line' id='line_1_15' title="bbox 122 1087 1236 1150; baseline -0.003 -17"><span class='ocrx_word' id='word_1_86' title='bbox 122 1088 249 1134; x_wconf 88' lang='lat' dir='ltr'>Hinc</span> <span class='ocrx_word' id='word_1_87' title='bbox 276 1096 414 1150; x_wconf 89' lang='lat' dir='ltr'>pater</span> <span class='ocrx_word' id='word_1_88' title='bbox 439 1089 622 1143; x_wconf 80' lang='lat' dir='ltr'>AEneas,</span> <span class='ocrx_word' id='word_1_89' title='bbox 653 1089 880 1134; x_wconf 81' lang='lat' dir='ltr'>Romanae</span> <span class='ocrx_word' id='word_1_90' title='bbox 907 1088 1063 1149; x_wconf 78' lang='lat' dir='ltr'>stirpis</span> <span class='ocrx_word' id='word_1_91' title='bbox 1088 1087 1236 1148; x_wconf 79' lang='lat' dir='ltr'>origo,</span> 
     </span>
    </p>

    <p class='ocr_par' dir='ltr' id='par_1_13' title="bbox 122 1154 1292 1217">
     <span class='ocr_line' id='line_1_16' title="bbox 122 1154 1292 1217; baseline -0.002 -17"><span class='ocrx_word' id='word_1_92' title='bbox 122 1155 316 1201; x_wconf 83' lang='lat' dir='ltr'>Sidereo</span> <span class='ocrx_word' id='word_1_93' title='bbox 342 1154 544 1216; x_wconf 82' lang='lat' dir='ltr'>flagrans</span> <span class='ocrx_word' id='word_1_94' title='bbox 569 1156 741 1217; x_wconf 50' lang='lat' dir='ltr'>clypeo</span> <span class='ocrx_word' id='word_1_95' title='bbox 766 1163 813 1200; x_wconf 89' lang='lat' dir='ltr'>et</span> <span class='ocrx_word' id='word_1_96' title='bbox 839 1155 1110 1202; x_wconf 74' lang='lat' dir='ltr'>coelestibus</span> <span class='ocrx_word' id='word_1_97' title='bbox 1134 1154 1292 1210; x_wconf 75' lang='lat' dir='ltr'>almis,</span> 
     </span>
    </p>

    <p class='ocr_par' dir='ltr' id='par_1_14' title="bbox 120 1193 1313 1283">
     <span class='ocr_line' id='line_1_17' title="bbox 120 1193 1313 1283; baseline 0 -16"><span class='ocrx_word' id='word_1_98' title='bbox 120 1221 334 1283; x_wconf 77' lang='lat' dir='ltr'>Etjuxta</span> <span class='ocrx_word' id='word_1_99' title='bbox 355 1193 595 1277; x_wconf 78' lang='lat' dir='ltr'>Ascanius,</span> <span class='ocrx_word' id='word_1_100' title='bbox 625 1238 806 1274; x_wconf 72' lang='lat' dir='ltr'>mannae</span> <span class='ocrx_word' id='word_1_101' title='bbox 831 1238 934 1283; x_wconf 81' lang='lat' dir='ltr'>spes</span> <span class='ocrx_word' id='word_1_102' title='bbox 958 1222 1106 1268; x_wconf 80' lang='lat' dir='ltr'>altera</span> <span class='ocrx_word' id='word_1_103' title='bbox 1132 1222 1250 1267; x_wconf 85' lang='lat' dir='ltr'>Rom</span> <span class='ocrx_word' id='word_1_104' title='bbox 1259 1238 1313 1274; x_wconf 76' lang='lat' dir='ltr'>ae,</span> 
     </span>
    </p>

    <p class='ocr_par' dir='ltr' id='par_1_15' title="bbox 118 1287 1324 1350">
     <span class='ocr_line' id='line_1_18' title="bbox 118 1287 1324 1350; baseline 0.001 -17"><span class='ocrx_word' id='word_1_105' title='bbox 118 1287 300 1334; x_wconf 84' lang='lat' dir='ltr'>Proced</span> <span class='ocrx_word' id='word_1_106' title='bbox 313 1298 393 1334; x_wconf 88' lang='lat' dir='ltr'>unt</span> <span class='ocrx_word' id='word_1_107' title='bbox 415 1288 606 1335; x_wconf 82' lang='lat' dir='ltr'>castris:</span> <span class='ocrx_word' id='word_1_108' title='bbox 643 1304 857 1350; x_wconf 82' lang='lat' dir='ltr'>puraque</span> <span class='ocrx_word' id='word_1_109' title='bbox 884 1288 927 1334; x_wconf 88' lang='lat' dir='ltr'>in</span> <span class='ocrx_word' id='word_1_110' title='bbox 954 1298 1081 1333; x_wconf 85' lang='lat' dir='ltr'>veste</span> <span class='ocrx_word' id='word_1_111' title='bbox 1109 1287 1324 1334; x_wconf 83' lang='lat' dir='ltr'>sacerdos</span> 
     </span>
    </p>

    <p class='ocr_par' dir='ltr' id='par_1_16' title="bbox 120 1354 1423 1417">
     <span class='ocr_line' id='line_1_19' title="bbox 120 1354 1423 1417; baseline -0.001 -16"><span class='ocrx_word' id='word_1_112' title='bbox 120 1355 319 1417; x_wconf 79' lang='lat' dir='ltr'>Setigeri</span> <span class='ocrx_word' id='word_1_113' title='bbox 342 1355 508 1402; x_wconf 82' lang='lat' dir='ltr'>foetum</span> <span class='ocrx_word' id='word_1_114' title='bbox 535 1356 648 1411; x_wconf 79' lang='lat' dir='ltr'>suis,</span> <span class='ocrx_word' id='word_1_115' title='bbox 683 1355 1019 1416; x_wconf 76' lang='lat' dir='ltr'>intonsamque</span> <span class='ocrx_word' id='word_1_116' title='bbox 1044 1354 1288 1401; x_wconf 72' lang='lat' dir='ltr'>bidentem</span> <span class='ocrx_word' id='word_1_117' title='bbox 1332 1361 1423 1408; x_wconf 81' lang='lat'>170</span> 
     </span>
    </p>

    <p class='ocr_par' dir='ltr' id='par_1_17' title="bbox 122 1421 1291 1484">
     <span class='ocr_line' id='line_1_20' title="bbox 122 1421 1291 1484; baseline 0 -17"><span class='ocrx_word' id='word_1_118' title='bbox 122 1422 312 1479; x_wconf 75' lang='lat' dir='ltr'>Attulit,</span> <span class='ocrx_word' id='word_1_119' title='bbox 342 1421 651 1483; x_wconf 78' lang='lat' dir='ltr'>admovitque</span> <span class='ocrx_word' id='word_1_120' title='bbox 671 1438 822 1484; x_wconf 83' lang='lat' dir='ltr'>pecus</span> <span class='ocrx_word' id='word_1_121' title='bbox 847 1421 1158 1483; x_wconf 75' lang='lat' dir='ltr'>flagrantibus</span> <span class='ocrx_word' id='word_1_122' title='bbox 1184 1421 1291 1467; x_wconf 86' lang='lat' dir='ltr'>aris.</span> 
     </span>
    </p>

    <p class='ocr_par' dir='ltr' id='par_1_18' title="bbox 121 1488 1230 1552">
     <span class='ocr_line' id='line_1_21' title="bbox 121 1488 1230 1552; baseline -0.001 -18"><span class='ocrx_word' id='word_1_123' title='bbox 121 1489 196 1534; x_wconf 80' lang='lat' dir='ltr'>llli</span> <span class='ocrx_word' id='word_1_124' title='bbox 223 1488 283 1536; x_wconf 87' lang='lat' dir='ltr'>ad</span> <span class='ocrx_word' id='word_1_125' title='bbox 314 1498 582 1552; x_wconf 82' lang='lat' dir='ltr'>surgentem</span> <span class='ocrx_word' id='word_1_126' title='bbox 606 1488 826 1535; x_wconf 87' lang='lat' dir='ltr'>conversi</span> <span class='ocrx_word' id='word_1_127' title='bbox 854 1488 1031 1534; x_wconf 87' lang='lat' dir='ltr'>lumina</span> <span class='ocrx_word' id='word_1_128' title='bbox 1057 1488 1230 1543; x_wconf 83' lang='lat' dir='ltr'>Solem,</span> 
     </span>
    </p>

    <p class='ocr_par' dir='ltr' id='par_1_19' title="bbox 120 1555 1422 1811">
     <span class='ocr_line' id='line_1_22' title="bbox 121 1555 1309 1617; baseline -0.001 -17"><span class='ocrx_word' id='word_1_129' title='bbox 121 1556 251 1603; x_wconf 84' lang='lat' dir='ltr'>Dant</span> <span class='ocrx_word' id='word_1_130' title='bbox 275 1555 430 1617; x_wconf 83' lang='lat' dir='ltr'>fruges</span> <span class='ocrx_word' id='word_1_131' title='bbox 455 1555 672 1601; x_wconf 83' lang='lat' dir='ltr'>manibus</span> <span class='ocrx_word' id='word_1_132' title='bbox 700 1556 860 1612; x_wconf 85' lang='lat' dir='ltr'>salsas,</span> <span class='ocrx_word' id='word_1_133' title='bbox 881 1565 926 1601; x_wconf 88' lang='lat' dir='ltr'>et</span> <span class='ocrx_word' id='word_1_134' title='bbox 945 1562 1162 1616; x_wconf 83' lang='lat' dir='ltr'>tempora</span> <span class='ocrx_word' id='word_1_135' title='bbox 1188 1555 1309 1601; x_wconf 75' lang='lat' dir='ltr'>ferro</span> 
     </span>
     <span class='ocr_line' id='line_1_23' title="bbox 120 1622 1422 1684; baseline -0.001 -15"><span class='ocrx_word' id='word_1_136' title='bbox 120 1624 317 1669; x_wconf 87' lang='lat' dir='ltr'>Summa</span> <span class='ocrx_word' id='word_1_137' title='bbox 336 1631 502 1668; x_wconf 87' lang='lat' dir='ltr'>notant</span> <span class='ocrx_word' id='word_1_138' title='bbox 521 1622 774 1684; x_wconf 83' lang='lat' dir='ltr'>pecudum,</span> <span class='ocrx_word' id='word_1_139' title='bbox 791 1622 1061 1684; x_wconf 84' lang='lat' dir='ltr'>paterisque</span> <span class='ocrx_word' id='word_1_140' title='bbox 1076 1622 1422 1668; x_wconf 83' lang='lat' dir='ltr'>altarialibant.</span> 
     </span>
     <span class='ocr_line' id='line_1_24' title="bbox 184 1689 1332 1751; baseline -0.001 -15"><span class='ocrx_word' id='word_1_141' title='bbox 184 1690 309 1736; x_wconf 90' lang='lat' dir='ltr'>Tum</span> <span class='ocrx_word' id='word_1_142' title='bbox 338 1689 445 1751; x_wconf 82' lang='lat' dir='ltr'>pius</span> <span class='ocrx_word' id='word_1_143' title='bbox 469 1689 638 1734; x_wconf 78' lang='lat' dir='ltr'>AEneas</span> <span class='ocrx_word' id='word_1_144' title='bbox 660 1689 826 1735; x_wconf 85' lang='lat' dir='ltr'>stricto</span> <span class='ocrx_word' id='word_1_145' title='bbox 849 1689 916 1734; x_wconf 88' lang='lat' dir='ltr'>sic</span> <span class='ocrx_word' id='word_1_146' title='bbox 944 1704 1056 1734; x_wconf 86' lang='lat' dir='ltr'>ense</span> <span class='ocrx_word' id='word_1_147' title='bbox 1081 1697 1332 1750; x_wconf 84' lang='lat' dir='ltr'>precatur:</span> 
     </span>
     <span class='ocr_line' id='line_1_25' title="bbox 120 1754 1420 1811; baseline -0.002 -9"><span class='ocrx_word' id='word_1_148' title='bbox 120 1757 235 1803; x_wconf 85' lang='lat' dir='ltr'>Esto</span> <span class='ocrx_word' id='word_1_149' title='bbox 260 1772 387 1802; x_wconf 86' lang='lat' dir='ltr'>nunc</span> <span class='ocrx_word' id='word_1_150' title='bbox 428 1756 505 1802; x_wconf 83' lang='lat' dir='ltr'>Sol</span> <span class='ocrx_word' id='word_1_151' title='bbox 535 1756 666 1801; x_wconf 87' lang='lat' dir='ltr'>testis</span> <span class='ocrx_word' id='word_1_152' title='bbox 691 1764 739 1801; x_wconf 89' lang='lat' dir='ltr'>et</span> <span class='ocrx_word' id='word_1_153' title='bbox 765 1756 866 1801; x_wconf 83' lang='lat' dir='ltr'>haec</span> <span class='ocrx_word' id='word_1_154' title='bbox 891 1755 1006 1800; x_wconf 85' lang='lat' dir='ltr'>mihi</span> <span class='ocrx_word' id='word_1_155' title='bbox 1029 1755 1182 1800; x_wconf 86' lang='lat' dir='ltr'>Terra</span> <span class='ocrx_word' id='word_1_156' title='bbox 1208 1754 1420 1811; x_wconf 80' lang='lat' dir='ltr'>vocanti,</span> 
     </span>
    </p>

    <p class='ocr_par' dir='ltr' id='par_1_20' title="bbox 114 1821 1422 2608">
     <span class='ocr_line' id='line_1_26' title="bbox 119 1821 1305 1885; baseline 0.002 -18"><span class='ocrx_word' id='word_1_157' title='bbox 119 1824 280 1876; x_wconf 83' lang='lat' dir='ltr'>Quam</span> <span class='ocrx_word' id='word_1_158' title='bbox 306 1830 502 1885; x_wconf 82' lang='lat' dir='ltr'>propter</span> <span class='ocrx_word' id='word_1_159' title='bbox 527 1830 684 1868; x_wconf 85' lang='lat' dir='ltr'>tantos</span> <span class='ocrx_word' id='word_1_160' title='bbox 707 1823 840 1884; x_wconf 90' lang='lat' dir='ltr'>potui</span> <span class='ocrx_word' id='word_1_161' title='bbox 866 1821 1069 1884; x_wconf 86' lang='lat' dir='ltr'>perferre</span> <span class='ocrx_word' id='word_1_162' title='bbox 1095 1822 1305 1876; x_wconf 74' lang='lat' dir='ltr'>labores3</span> 
     </span>
     <span class='ocr_line' id='line_1_27' title="bbox 118 1888 1256 1951; baseline -0.001 -17"><span class='ocrx_word' id='word_1_163' title='bbox 118 1890 177 1934; x_wconf 79' lang='lat' dir='ltr'>Et</span> <span class='ocrx_word' id='word_1_164' title='bbox 204 1899 337 1951; x_wconf 77' lang='lat' dir='ltr'>pater</span> <span class='ocrx_word' id='word_1_165' title='bbox 363 1889 682 1951; x_wconf 85' lang='lat' dir='ltr'>omnipotens,</span> <span class='ocrx_word' id='word_1_166' title='bbox 709 1896 756 1935; x_wconf 87' lang='lat' dir='ltr'>et</span> <span class='ocrx_word' id='word_1_167' title='bbox 781 1897 832 1935; x_wconf 88' lang='lat' dir='ltr'>tu</span> <span class='ocrx_word' id='word_1_168' title='bbox 853 1888 1072 1935; x_wconf 78' lang='lat' dir='ltr'>Saturnia</span> <span class='ocrx_word' id='word_1_169' title='bbox 1099 1889 1256 1943; x_wconf 85' lang='lat' dir='ltr'>Jun0;</span> 
     </span>
     <span class='ocr_line' id='line_1_28' title="bbox 116 1955 1420 2019; baseline -0.002 -17"><span class='ocrx_word' id='word_1_170' title='bbox 116 1955 222 2002; x_wconf 87' lang='lat' dir='ltr'>Jam</span> <span class='ocrx_word' id='word_1_171' title='bbox 244 1955 536 2016; x_wconf 80' lang='lat' dir='ltr'>melior,jam</span> <span class='ocrx_word' id='word_1_172' title='bbox 553 1955 693 2012; x_wconf 84' lang='lat' dir='ltr'>Diva,</span> <span class='ocrx_word' id='word_1_173' title='bbox 715 1972 886 2019; x_wconf 87' lang='lat' dir='ltr'>precor</span> <span class='ocrx_word' id='word_1_174' title='bbox 906 1972 916 2009; x_wconf 92' lang='lat'>;</span> <span class='ocrx_word' id='word_1_175' title='bbox 936 1964 1101 2017; x_wconf 84' lang='lat' dir='ltr'>tuque,</span> <span class='ocrx_word' id='word_1_176' title='bbox 1121 1955 1297 2019; x_wconf 73' lang='lat' dir='ltr'>inclyte</span> <span class='ocrx_word' id='word_1_177' title='bbox 1316 1955 1420 2000; x_wconf 78' lang='lat' dir='ltr'>Ma-</span> 
     </span>
     <span class='ocr_line' id='line_1_29' title="bbox 250 2028 1421 2079; baseline -0.003 -10"><span class='ocrx_word' id='word_1_178' title='bbox 250 2039 375 2079; x_wconf 88' lang='lat' dir='ltr'>vors,</span> <span class='ocrx_word' id='word_1_179' title='bbox 1331 2028 1421 2076; x_wconf 81' lang='grc'>179</span> 
     </span>
     <span class='ocr_line' id='line_1_30' title="bbox 114 2088 1419 2152; baseline -0.003 -16"><span class='ocrx_word' id='word_1_180' title='bbox 114 2092 304 2138; x_wconf 81' lang='lat' dir='ltr'>Cuncta</span> <span class='ocrx_word' id='word_1_181' title='bbox 328 2098 412 2136; x_wconf 88' lang='lat' dir='ltr'>tuo</span> <span class='ocrx_word' id='word_1_182' title='bbox 440 2089 523 2152; x_wconf 88' lang='lat' dir='ltr'>qui</span> <span class='ocrx_word' id='word_1_183' title='bbox 551 2088 675 2134; x_wconf 84' lang='lat' dir='ltr'>bella</span> <span class='ocrx_word' id='word_1_184' title='bbox 695 2096 832 2152; x_wconf 84' lang='lat' dir='ltr'>pater</span> <span class='ocrx_word' id='word_1_185' title='bbox 858 2089 947 2135; x_wconf 86' lang='lat' dir='ltr'>sub</span> <span class='ocrx_word' id='word_1_186' title='bbox 975 2088 1164 2134; x_wconf 77' lang='lat' dir='ltr'>numine</span> <span class='ocrx_word' id='word_1_187' title='bbox 1190 2096 1382 2148; x_wconf 81' lang='lat' dir='ltr'>torques</span> <span class='ocrx_word' id='word_1_188' title='bbox 1406 2107 1419 2141; x_wconf 89' lang='lat'>;</span> 
     </span>
     <span class='ocr_line' id='line_1_31' title="bbox 117 2154 1422 2218; baseline -0.002 -15"><span class='ocrx_word' id='word_1_189' title='bbox 117 2157 390 2218; x_wconf 85' lang='lat' dir='ltr'>Fontcsque</span> <span class='ocrx_word' id='word_1_190' title='bbox 417 2155 699 2217; x_wconf 79' lang='lat' dir='ltr'>Fluviosque</span> <span class='ocrx_word' id='word_1_191' title='bbox 725 2172 864 2211; x_wconf 67' lang='lat' dir='ltr'>vocQ</span> <span class='ocrx_word' id='word_1_192' title='bbox 893 2172 1099 2217; x_wconf 84' lang='lat' dir='ltr'>quaeque</span> <span class='ocrx_word' id='word_1_193' title='bbox 1119 2155 1320 2201; x_wconf 68' lang='lat' dir='ltr'>AEtheris</span> <span class='ocrx_word' id='word_1_194' title='bbox 1340 2154 1422 2200; x_wconf 77' lang='lat' dir='ltr'>alti</span> 
     </span>
     <span class='ocr_line' id='line_1_32' title="bbox 116 2221 1305 2285; baseline -0.002 -17"><span class='ocrx_word' id='word_1_195' title='bbox 116 2223 335 2282; x_wconf 47' lang='lat' dir='ltr'>Benigno,</span> <span class='ocrx_word' id='word_1_196' title='bbox 363 2232 409 2269; x_wconf 91' lang='lat' dir='ltr'>et</span> <span class='ocrx_word' id='word_1_197' title='bbox 430 2240 538 2285; x_wconf 82' lang='lat' dir='ltr'>quae</span> <span class='ocrx_word' id='word_1_198' title='bbox 566 2221 774 2269; x_wconf 88' lang='lat' dir='ltr'>coeruleo</span> <span class='ocrx_word' id='word_1_199' title='bbox 799 2232 906 2269; x_wconf 89' lang='lat' dir='ltr'>sunt</span> <span class='ocrx_word' id='word_1_200' title='bbox 930 2222 1123 2268; x_wconf 82' lang='lat' dir='ltr'>numina</span> <span class='ocrx_word' id='word_1_201' title='bbox 1148 2231 1305 2281; x_wconf 80' lang='lat' dir='ltr'>ponto.</span> 
     </span>
     <span class='ocr_line' id='line_1_33' title="bbox 117 2288 1183 2344; baseline -0.004 -8"><span class='ocrx_word' id='word_1_202' title='bbox 117 2290 321 2336; x_wconf 79' lang='lat' dir='ltr'>Cesserit</span> <span class='ocrx_word' id='word_1_203' title='bbox 348 2290 565 2336; x_wconf 82' lang='lat' dir='ltr'>Ausonio</span> <span class='ocrx_word' id='word_1_204' title='bbox 592 2290 629 2335; x_wconf 89' lang='lat' dir='ltr'>si</span> <span class='ocrx_word' id='word_1_205' title='bbox 655 2288 752 2335; x_wconf 77' lang='lat' dir='ltr'>fors</span> <span class='ocrx_word' id='word_1_206' title='bbox 778 2289 978 2335; x_wconf 83' lang='lat' dir='ltr'>victoria</span> <span class='ocrx_word' id='word_1_207' title='bbox 1000 2290 1183 2344; x_wconf 88' lang='lat' dir='ltr'>Turno,</span> 
     </span>
     <span class='ocr_line' id='line_1_34' title="bbox 117 2354 1330 2405; baseline -0.004 -2"><span class='ocrx_word' id='word_1_208' title='bbox 117 2357 353 2404; x_wconf 84' lang='lat' dir='ltr'>Convenit</span> <span class='ocrx_word' id='word_1_209' title='bbox 379 2356 591 2402; x_wconf 85' lang='lat' dir='ltr'>Evandri</span> <span class='ocrx_word' id='word_1_210' title='bbox 617 2355 768 2402; x_wconf 86' lang='lat' dir='ltr'>victos</span> <span class='ocrx_word' id='word_1_211' title='bbox 794 2354 1035 2402; x_wconf 79' lang='lat' dir='ltr'>discedere</span> <span class='ocrx_word' id='word_1_212' title='bbox 1055 2355 1114 2400; x_wconf 85' lang='lat' dir='ltr'>ad</span> <span class='ocrx_word' id='word_1_213' title='bbox 1142 2355 1330 2405; x_wconf 75' lang='lat' dir='ltr'>urbem:</span> 
     </span>
     <span class='ocr_line' id='line_1_35' title="bbox 119 2420 1369 2485; baseline -0.003 -14"><span class='ocrx_word' id='word_1_214' title='bbox 119 2424 272 2472; x_wconf 83' lang='lat' dir='ltr'>Cedet</span> <span class='ocrx_word' id='word_1_215' title='bbox 297 2425 428 2470; x_wconf 82' lang='lat' dir='ltr'>Iiilus</span> <span class='ocrx_word' id='word_1_216' title='bbox 455 2422 608 2484; x_wconf 82' lang='lat' dir='ltr'>agris·</span> <span class='ocrx_word' id='word_1_217' title='bbox 597 2459 609 2476; x_wconf 93' lang='lat'>,</span> <span class='ocrx_word' id='word_1_218' title='bbox 648 2438 737 2467; x_wconf 86' lang='lat' dir='ltr'>uec</span> <span class='ocrx_word' id='word_1_219' title='bbox 759 2422 868 2485; x_wconf 73' lang='lat' dir='ltr'>post</span> <span class='ocrx_word' id='word_1_220' title='bbox 893 2438 1021 2468; x_wconf 86' lang='lat' dir='ltr'>arma</span> <span class='ocrx_word' id='word_1_221' title='bbox 1047 2422 1145 2467; x_wconf 83' lang='lat' dir='ltr'>ulla</span> <span class='ocrx_word' id='word_1_222' title='bbox 1168 2420 1369 2467; x_wconf 76' lang='lat' dir='ltr'>lebelles</span> 
     </span>
     <span class='ocr_line' id='line_1_36' title="bbox 116 2488 1369 2550; baseline -0.002 -12"><span class='ocrx_word' id='word_1_223' title='bbox 116 2490 344 2538; x_wconf 81' lang='lat' dir='ltr'>AEneadae</span> <span class='ocrx_word' id='word_1_224' title='bbox 362 2488 581 2546; x_wconf 82' lang='lat' dir='ltr'>referent,</span> <span class='ocrx_word' id='word_1_225' title='bbox 608 2488 796 2536; x_wconf 87' lang='lat' dir='ltr'>ferrove</span> <span class='ocrx_word' id='word_1_226' title='bbox 819 2490 923 2534; x_wconf 79' lang='lat' dir='ltr'>haec</span> <span class='ocrx_word' id='word_1_227' title='bbox 947 2503 1091 2550; x_wconf 83' lang='lat' dir='ltr'>regna</span> <span class='ocrx_word' id='word_1_228' title='bbox 1113 2488 1369 2535; x_wconf 80' lang='lat' dir='ltr'>lacessent.</span> 
     </span>
     <span class='ocr_line' id='line_1_37' title="bbox 118 2549 1323 2608; baseline -0.008 -3"><span class='ocrx_word' id='word_1_229' title='bbox 118 2559 199 2606; x_wconf 73' lang='lat' dir='ltr'>Sin</span> <span class='ocrx_word' id='word_1_230' title='bbox 218 2565 430 2604; x_wconf 85' lang='lat' dir='ltr'>nostrum</span> <span class='ocrx_word' id='word_1_231' title='bbox 452 2555 666 2603; x_wconf 79' lang='lat' dir='ltr'>annuerit</span> <span class='ocrx_word' id='word_1_232' title='bbox 692 2554 830 2601; x_wconf 87' lang='lat' dir='ltr'>nobis</span> <span class='ocrx_word' id='word_1_233' title='bbox 858 2556 894 2600; x_wconf 81' lang='lat' dir='ltr'>V</span> <span class='ocrx_word' id='word_1_234' title='bbox 902 2555 1040 2601; x_wconf 86' lang='lat' dir='ltr'>ictor·</span> <span class='ocrx_word' id='word_1_235' title='bbox 1044 2569 1076 2599; x_wconf 84' lang='lat' dir='ltr'>a</span> <span class='ocrx_word' id='word_1_236' title='bbox 1096 2549 1176 2595; x_wconf 59' lang='lat'>31⁰</span> <span class='ocrx_word' id='word_1_237' title='bbox 1156 2557 1323 2608; x_wconf 74' lang='lat' dir='ltr'>altem,</span> 
     </span>
    </p>
   </div>
   <div class='ocr_carea' id='block_1_3' title="bbox 1428 2339 1449 2350">
    <p class='ocr_par' dir='ltr' id='par_1_21' title="bbox 1428 2339 1449 2350">
     <span class='ocr_line' id='line_1_38' title="bbox 1428 2339 1449 2350; baseline 0 -2"><span class='ocrx_word' id='word_1_238' title='bbox 1428 2339 1449 2350; x_wconf 68' lang='lat'>‹-</span> 
     </span>
    </p>
   </div>
  </div>
 </body>
</html>
