1607 2700
192 84 286 126 280
523 90 570 122 P.
610 88 854 122 vinoun
886 88 1145 124 MARoms

192 209 446 270 Desuper:
474 207 624 254 omnis
647 225 704 254 eo
728 218 901 255 terrore
927 210 1179 271 AEgyptus,
1206 217 1251 254 et
1277 209 1396 265 Indi,

191 275 357 321 Omnis
382 273 552 330 Arabs,
580 291 743 322 omnes
767 276 1015 321 vertebant
1041 284 1170 336 terga
1196 276 1366 322 Sabaei.

188 340 307 402 Ipsa
332 340 581 386 videbatur
604 342 756 388 ventis
780 342 940 402 regina
964 343 1145 387 vocatis

188 406 307 452 Vela
325 406 455 462 dare,
481 416 526 452 et
546 407 674 453 laxos
691 407 790 468 jam
811 407 1010 469 jamque
1035 408 1284 454 immittere
1311 408 1468 455 funes.

187 471 324 518 Illam
351 473 469 519 inter
493 473 667 528 caedes,
696 473 945 534 pallentem
973 482 1122 519 morte
1150 474 1325 530 futura,

187 538 387 586 Fecerat
410 539 678 601 ignipotens
707 539 842 584 undis
869 548 916 585 et
939 538 1119 602 Iapyge
1143 540 1281 594 ferri;
1410 548 1505 594 710

187 604 366 651 Contra
391 614 547 651 autem
575 621 745 665 magno
772 614 1042 651 moerentem
1084 622 1284 667 corpore
1322 607 1502 664 Nilum,

185 670 580 731 Pandentemque
605 671 749 727 sinus,
772 680 818 717 et
844 672 944 717 tota
970 681 1098 717 veste
1123 682 1372 721 vocantem

187 736 457 783 Coeruleum
483 738 529 783 in
554 737 783 799 gremium
808 738 1141 800 latebrosaque
1166 737 1361 785 flumina
1404 739 1500 786 vic-

318 812 410 849 tos.

251 871 317 915 At
350 871 525 925 Caesar,
566 869 743 933 triplici
782 871 997 917 invectus
1030 871 1243 917 Romana
1263 870 1503 934 triumpho

184 937 378 991 Moenia,
406 937 494 983 Dis
519 936 653 982 Italis
679 945 840 983 votum
866 937 1128 983 immortale
1155 936 1397 993 sacrabat,

184 1002 396 1048 Maxima
420 1012 491 1050 ter
511 1013 699 1050 centum
727 1012 876 1050 totam
901 1003 1101 1050 delubra
1121 1020 1207 1066 per
1229 1003 1412 1049 urbem.

184 1069 390 1125 LaetitiA,
417 1069 638 1131 ludisque
658 1070 746 1116 viae
771 1071 1036 1132 plausuque
1060 1069 1359 1116 fremebant:

184 1135 423 1182 Omnibus
442 1136 488 1180 in
506 1137 690 1198 templis
713 1146 915 1184 matrum
934 1138 1120 1193 chorus,
1139 1136 1358 1183 omuibus
1380 1153 1501 1191 arae;

181 1203 309 1248 Ante
334 1219 436 1248 aras
462 1211 633 1248 terram
659 1204 771 1249 caesi
797 1211 999 1249 stravere
1016 1202 1231 1263 juvenci.

183 1269 297 1329 Ipse
323 1268 492 1315 sedens
519 1268 656 1314 niveo
682 1269 929 1315 candentis
952 1269 1109 1314 limine
1134 1268 1322 1325 Phoebi,
1408 1277 1505 1323 720

182 1335 325 1381 Dona
361 1335 666 1397 recognoscit
696 1336 1002 1398 populorum,
1031 1344 1260 1398 aptatque
1286 1335 1503 1397 superbis

180 1401 436 1448 Postibus:
464 1401 690 1449 incedunt
717 1403 855 1449 victae
879 1402 1019 1463 longo
1046 1402 1211 1448 ordine
1236 1411 1419 1463 gentes,

183 1467 340 1521 Quam
366 1469 505 1515 variae
526 1469 712 1531 linguis,
743 1469 909 1515 habitu
934 1476 1030 1515 tam
1057 1468 1196 1514 vestis
1220 1479 1266 1515 et
1291 1469 1501 1515 armis.,·
1523 1492 1530 1495 ·

182 1536 278 1580 Hic
315 1534 590 1582 Nomadum
631 1552 794 1597 genus,
823 1544 870 1583 et
894 1535 1153 1582 discinctos
1180 1535 1419 1582 Mulciber
1444 1538 1505 1582 A·

315 1601 430 1658 fros,

182 1667 278 1713 Hic
306 1667 514 1728 Lelegas,
535 1668 796 1730 Carasque,
824 1667 1200 1730 sagittiferosque
1226 1667 1438 1714 Gelonos

183 1734 423 1780 Finxerat.
463 1734 729 1795 Euphrates
755 1735 854 1781 ibat
871 1735 972 1796 jam
999 1734 1186 1779 mollior
1211 1733 1365 1788 undis,
1395 1733 1501 1795 {nis,

182 1800 494 1861 Extremique
516 1801 759 1847 hominum
785 1801 978 1857 Morini,
1022 1800 1310 1860 Rhenusque
1350 1799 1502 1846 bicor-

183 1865 506 1927 Indomitique
533 1865 700 1922 Dahae,
718 1874 764 1912 et
781 1874 975 1928 pontem
997 1867 1270 1928 indignatus
1293 1868 1490 1913 Araxes.

251 1931 410 1987 Talia,
433 1948 516 1994 per
543 1933 766 1995 clypeum
793 1933 1010 1988 Vulcani,
1038 1932 1162 1978 don-<i
1182 1932 1394 1996 parentis

184 1998 406 2055 Miratur,
438 2014 693 2059 rerumque
720 2001 910 2060 ignarus
931 1998 1134 2060 imagine
1157 1999 1347 2059 gaudet,
1396 2004 1492 2053 730

187 2064 422 2111 Attollens
451 2065 648 2112 humero
675 2066 946 2128 famamque
971 2074 1018 2112 et
1043 2065 1138 2112 fata
1166 2075 1409 2128 nepotum.
1436 2096 1438 2099 -

677 2286 873 2331 LIBER
910 2286 996 2334 lX.

191 2393 420 2469 ATQUE
447 2429 503 2460 ea
526 2417 708 2463 diversa
728 2415 920 2480 penitus
941 2420 1200 2478 dumparte
1226 2426 1453 2478 geruntur
