1586 2704
571 79 835 115 AENi-:lnos
875 81 989 114 ΜΒ.
1026 81 1134 115 XII.
1405 75 1499 123 375

193 199 325 246 Dant
348 193 555 244 so'nitum
581 196 793 259 spumosi
818 212 993 253 amnes,
1037 204 1084 243 et
1108 197 1153 242 in
1180 210 1372 258 aequora
1393 211 1501 242 cur-

326 275 450 318 runt,

193 330 409 393 Quisque
432 345 569 375 suum
596 330 856 392 populatus
882 330 996 377 iter:
1037 346 1130 375 non
1151 329 1338 390 segnius
1356 329 1501 375 ambo

191 397 358 443 AEneas
383 398 672 458 Turnusque
697 404 842 442 ruunt
862 412 949 459 per
974 397 1165 458 praelia;
1204 412 1349 452 nunc,
1373 411 1499 442 nunc

192 463 412 510 Fluctuat
435 463 500 508 ira
527 463 652 509 intus
674 480 685 517 ;
721 471 1009 525 rumpuntur
1033 463 1193 510 nescia
1218 462 1346 508 vinci

190 528 389 576 Pectora
410 545 421 583 ;
459 545 586 575 nunc
610 530 722 575 totis
747 529 790 574 in
814 529 1006 576 vulnera
1029 530 1206 576 viribus
1231 529 1343 575 itur.

256 597 535 643 Murranum
557 595 649 652 hic,
669 603 837 642 atavos
851 606 898 643 et
913 613 1110 642 avorum
1122 596 1317 658 antiqua
1328 610 1500 641 sonan-

389 670 485 710 tem
1402 668 1499 718 529

188 728 412 786 Nomina,
431 745 510 790 per
526 745 758 791 regesque
778 738 939 776 actum
960 745 1108 791 genus
1128 745 1265 775 omne
1282 728 1498 786 Latinos,

187 794 490 858 Praecipitem
517 796 722 858 scopulo
746 804 888 858 atque
913 795 1114 858 ingentis
1140 795 1329 842 turbine
1355 795 1457 842 saxi

188 862 399 919 Excutit,
420 862 718 925 effunditque
737 862 838 909 solo
860 880 870 917 ;
908 863 1032 909 hunc
1057 862 1156 907 lora
1177 870 1225 908 et
1238 862 1361 924 juga
1383 861 1498 908 sub-

188 929 472 976 Provolvere
496 937 632 985 rotae,
659 930 826 976 crebro
851 931 995 991 super
1018 929 1192 991 ungula
1214 929 1352 989 pulsu
1405 929 1497 990 [ter

188 995 344 1042 Incita
369 1011 455 1041 nec
480 995 660 1042 domini
685 1012 941 1042 memorum
968 995 1222 1058 proculcat
1244 1011 1496 1056 equorum.

186 1059 271 1107 Ille
294 1062 447 1108 ruenti
471 1062 615 1125 Hyllo
639 1062 904 1124 animisque
927 1062 1131 1108 immane
1159 1060 1380 1108 frementi

188 1127 435 1185 Occurrit,
463 1130 707 1191 telumque
732 1136 902 1176 aurata
925 1128 985 1175 ad
1012 1137 1225 1189 tempora
1251 1136 1476 1191 torquet:

188 1194 285 1241 Olli
310 1211 393 1257 per
416 1196 596 1257 galeam
621 1195 718 1242 fixo
744 1196 870 1242 stetit
896 1197 1031 1242 hasta
1057 1195 1272 1242 cerebro.

187 1261 397 1308 Dextera
421 1278 509 1308 nec
533 1271 614 1308 tua
638 1270 701 1317 te,
729 1262 928 1309 Graium
954 1262 1208 1309 fortissime
1233 1263 1425 1319 Creten,

186 1327 378 1390 Eripuit
400 1329 596 1385 Turno;
635 1345 720 1375 nec
746 1330 809 1375 Di
836 1338 992 1375 texere
1018 1331 1316 1389 Cupencum,

186 1395 333 1440 [Enea
359 1395 592 1451 veniente,
620 1395 723 1450 sui;
762 1395 896 1442 dedit
919 1396 1058 1442 obvia
1083 1395 1205 1441 ferro
1396 1402 1492 1443 540

186 1462 400 1518 Pectora,
429 1479 516 1509 nec
541 1462 713 1508 misero
736 1462 897 1525 clypei
922 1478 1054 1509 mora
1079 1462 1259 1523 profuit
1283 1462 1409 1509 aerei.

185 1529 256 1574 Te
281 1545 472 1591 quoque
495 1530 750 1574 Laurentes
776 1529 1015 1585 viderunt,
1042 1526 1190 1583 AEole,
1216 1529 1378 1590 campi

188 1595 449 1657 Oppetere,
475 1603 521 1641 et
545 1595 638 1641 late
663 1604 835 1641 terram
861 1605 1161 1642 consternere
1185 1604 1335 1657 tergo·

188 1661 406 1718 Occidis,
431 1661 621 1723 Argiva-2
647 1678 788 1724 quem
814 1678 905 1707 non
931 1671 1128 1724 potuere
1153 1662 1412 1724 phalanges

184 1728 425 1783 Sternere,
451 1745 540 1775 nec
565 1728 742 1775 Priami
764 1745 1012 1790 regnorum
1037 1745 1227 1775 eversor
1248 1730 1477 1776 Achilles.

180 1789 282 1840 Hic
307 1794 392 1841 tibi
417 1795 580 1841 mortis
606 1803 737 1841 erant
760 1804 931 1843 metae:
973 1795 1143 1841 domus
1162 1795 1255 1841 alta
1273 1796 1364 1842 sub
1386 1797 1491 1854 Ida,

187 1860 409 1921 1,)τη655ἰ
433 1862 603 1907 domus
628 1861 754 1915 alta;
795 1863 897 1908 solo
925 1864 1159 1908 Laurente
1182 1863 1468 1923 sepulcrum.

185 1927 327 1973 Totae
351 1928 474 1975 adeo
494 1944 736 1974 conversae
761 1929 902 1984 acies,
930 1944 1188 1990 omnesque
1215 1929 1384 1986 Latini,

188 1993 364 2040 Omnes
383 1994 699 2040 Dardanidae:
729 1996 1008 2042 Mnestheus
1028 2012 1235 2056 acerque
1255 1997 1490 2054 Serestus,

191 2060 526 2123 EtMessapus,
539 2077 716 2124 equum
733 2062 958 2118 domitor,
975 2070 1021 2108 et
1040 2061 1176 2109 fortis
1193 2063 1378 2125 Α5)1·<ι5,
1397 2069 1492 2110 550

187 2126 558 2190 Tuscorumque
583 2129 804 2190 phalanx,
833 2130 899 2174 Ev
905 2099 1134 2190 aridiique
1159 2129 1372 2175 Arcades
1392 2130 1497 2175 alae.

187 2193 280 2238 Pro
305 2209 353 2239 se
378 2194 576 2256 quisque
602 2195 687 2241 viri
713 2195 895 2241 summa
919 2195 1135 2242 nituntur
1159 2211 1300 2256 opum
1327 2196 1388 2243 vi.

188 2259 293 2306 Nec
314 2277 461 2318 mora,
488 2278 574 2307 nec
592 2262 807 2322 requies;
833 2270 970 2308 vasto
993 2263 1250 2308 certamine
1274 2263 1490 2310 tendunt.

253 2326 349 2374 Hic
373 2336 578 2374 mentem
604 2328 764 2375 AEneae
789 2328 986 2391 genitrix
1007 2328 1327 2390 pulcherrima
1349 2329 1492 2387 misit,

187 2392 282 2439 Iret
306 2401 360 2440 ut
383 2394 442 2440 ad
472 2411 644 2451 muros,
674 2395 876 2457 urbique
899 2395 1167 2442 adverteret
1192 2411 1359 2456 agmen

188 2458 373 2522 Ocyhs,
400 2468 447 2508 et
469 2460 629 2507 subita
655 2462 870 2509 turbaret
894 2461 1030 2508 clade
1057 2462 1261 2508 Latinos.

189 2524 288 2583 Ille,
316 2534 368 2574 ut
392 2527 625 2590 vestigans
651 2527 836 2576 diversa
859 2544 942 2591 per
964 2529 1151 2591 agmina
1174 2528 1411 2587 Turnum,
