<?xml version="1.0" encoding="UTF-8"?>
<!DOCTYPE html PUBLIC "-//W3C//DTD XHTML 1.0 Transitional//EN"
    "http://www.w3.org/TR/xhtml1/DTD/xhtml1-transitional.dtd">
<html xmlns="http://www.w3.org/1999/xhtml" xml:lang="en" lang="en">
 <head>
  <title>
</title>
<meta http-equiv="Content-Type" content="text/html;charset=utf-8" />
  <meta name='ocr-system' content='tesseract 3.04.00' />
  <meta name='ocr-capabilities' content='ocr_page ocr_carea ocr_par ocr_line ocrx_word'/>
</head>
<body>
  <div class='ocr_page' id='page_1' title='image "./operaadfidemopti00virguoft/operaadfidemopti00virguoft_0087.png"; bbox 0 0 1546 2686; ppageno 0'>
   <div class='ocr_carea' id='block_1_1' title="bbox 478 85 1424 129">
    <p class='ocr_par' dir='ltr' id='par_1_1' title="bbox 478 85 1424 129">
     <span class='ocr_line' id='line_1_1' title="bbox 478 85 1424 129; baseline -0.001 -1"><span class='ocrx_word' id='word_1_1' title='bbox 478 93 783 129; x_wconf 71' lang='lat' dir='ltr'>GnonorcA.</span> <span class='ocrx_word' id='word_1_2' title='bbox 839 94 950 128; x_wconf 67' lang='grc' dir='ltr'>ΜΒ.</span> <span class='ocrx_word' id='word_1_3' title='bbox 990 94 1063 126; x_wconf 85' lang='lat' dir='ltr'>1v.</span> <span class='ocrx_word' id='word_1_4' title='bbox 1366 85 1424 127; x_wconf 83' lang='lat'>83</span> 
     </span>
    </p>
   </div>
   <div class='ocr_carea' id='block_1_2' title="bbox 107 211 1433 2595">
    <p class='ocr_par' dir='ltr' id='par_1_2' title="bbox 107 211 1433 2593">
     <span class='ocr_line' id='line_1_2' title="bbox 109 211 1226 274; baseline -0.003 -13"><span class='ocrx_word' id='word_1_5' title='bbox 109 213 195 261; x_wconf 84' lang='lat' dir='ltr'>Ille</span> <span class='ocrx_word' id='word_1_6' title='bbox 220 229 402 261; x_wconf 90' lang='lat' dir='ltr'>comam</span> <span class='ocrx_word' id='word_1_7' title='bbox 420 213 571 259; x_wconf 79' lang='lat' dir='ltr'>mollis</span> <span class='ocrx_word' id='word_1_8' title='bbox 588 212 695 274; x_wconf 86' lang='lat' dir='ltr'>jam</span> <span class='ocrx_word' id='word_1_9' title='bbox 719 211 952 258; x_wconf 84' lang='lat' dir='ltr'>tondebat</span> <span class='ocrx_word' id='word_1_10' title='bbox 972 211 1226 274; x_wconf 81' lang='lat' dir='ltr'>hyacinthi,</span> 
     </span>
     <span class='ocr_line' id='line_1_3' title="bbox 109 276 1425 340; baseline -0.004 -14"><span class='ocrx_word' id='word_1_11' title='bbox 109 281 334 326; x_wconf 86' lang='lat' dir='ltr'>AEstatem</span> <span class='ocrx_word' id='word_1_12' title='bbox 359 278 641 340; x_wconf 80' lang='lat' dir='ltr'>increpitans</span> <span class='ocrx_word' id='word_1_13' title='bbox 679 294 846 334; x_wconf 89' lang='lat' dir='ltr'>seram,</span> <span class='ocrx_word' id='word_1_14' title='bbox 871 276 1217 340; x_wconf 77' lang='lat' dir='ltr'>Zephyrosque</span> <span class='ocrx_word' id='word_1_15' title='bbox 1243 294 1425 324; x_wconf 86' lang='lat' dir='ltr'>moran-</span> 
     </span>
     <span class='ocr_line' id='line_1_4' title="bbox 108 343 1424 408; baseline -0.003 -16"><span class='ocrx_word' id='word_1_16' title='bbox 108 346 232 408; x_wconf 67' lang='lat' dir='ltr'>Ergb</span> <span class='ocrx_word' id='word_1_17' title='bbox 252 345 424 408; x_wconf 87' lang='lat' dir='ltr'>apibus</span> <span class='ocrx_word' id='word_1_18' title='bbox 450 345 574 392; x_wconf 86' lang='lat' dir='ltr'>foetis</span> <span class='ocrx_word' id='word_1_19' title='bbox 600 344 724 391; x_wconf 90' lang='lat' dir='ltr'>idem</span> <span class='ocrx_word' id='word_1_20' title='bbox 741 351 887 404; x_wconf 88' lang='lat' dir='ltr'>atque</span> <span class='ocrx_word' id='word_1_21' title='bbox 905 343 1117 389; x_wconf 80' lang='lat' dir='ltr'>examine</span> <span class='ocrx_word' id='word_1_22' title='bbox 1145 345 1294 391; x_wconf 90' lang='lat' dir='ltr'>multo</span> <span class='ocrx_word' id='word_1_23' title='bbox 1314 346 1424 407; x_wconf 70' lang='lat' dir='ltr'>[tea.</span> 
     </span>
     <span class='ocr_line' id='line_1_5' title="bbox 109 410 1426 473; baseline -0.001 -15"><span class='ocrx_word' id='word_1_24' title='bbox 109 412 292 458; x_wconf 85' lang='lat' dir='ltr'><strong>Primus</strong></span> <span class='ocrx_word' id='word_1_25' title='bbox 316 411 575 467; x_wconf 89' lang='lat' dir='ltr'>abundare,</span> <span class='ocrx_word' id='word_1_26' title='bbox 601 419 648 457; x_wconf 90' lang='lat' dir='ltr'>et</span> <span class='ocrx_word' id='word_1_27' title='bbox 664 410 931 473; x_wconf 82' lang='lat' dir='ltr'>spumantia</span> <span class='ocrx_word' id='word_1_28' title='bbox 957 425 1127 470; x_wconf 88' lang='lat' dir='ltr'>cogere</span> <span class='ocrx_word' id='word_1_29' title='bbox 1152 411 1319 470; x_wconf 86' lang='lat' dir='ltr'>pressis</span> <span class='ocrx_word' id='word_1_30' title='bbox 1336 418 1426 458; x_wconf 80' lang='lat'>140</span> 
     </span>
     <span class='ocr_line' id='line_1_6' title="bbox 110 475 1312 538; baseline -0.001 -14"><span class='ocrx_word' id='word_1_31' title='bbox 110 477 254 534; x_wconf 85' lang='lat' dir='ltr'>Mella</span> <span class='ocrx_word' id='word_1_32' title='bbox 278 477 396 524; x_wconf 88' lang='lat' dir='ltr'>favis</span> <span class='ocrx_word' id='word_1_33' title='bbox 417 494 427 524; x_wconf 93' lang='lat'><strong>:</strong></span> <span class='ocrx_word' id='word_1_34' title='bbox 466 478 530 524; x_wconf 92' lang='lat' dir='ltr'>illi</span> <span class='ocrx_word' id='word_1_35' title='bbox 551 478 675 533; x_wconf 70' lang='lat' dir='ltr'>tiliae,</span> <span class='ocrx_word' id='word_1_36' title='bbox 713 484 855 538; x_wconf 89' lang='lat' dir='ltr'>atque</span> <span class='ocrx_word' id='word_1_37' title='bbox 880 475 1118 522; x_wconf 89' lang='lat' dir='ltr'>uberrima</span> <span class='ocrx_word' id='word_1_38' title='bbox 1140 477 1279 537; x_wconf 88' lang='lat' dir='ltr'>pinus</span> <span class='ocrx_word' id='word_1_39' title='bbox 1302 493 1312 523; x_wconf 91' lang='lat'>:</span> 
     </span>
     <span class='ocr_line' id='line_1_7' title="bbox 108 542 1294 605; baseline -0.002 -15"><span class='ocrx_word' id='word_1_40' title='bbox 108 545 335 605; x_wconf 84' lang='lat' dir='ltr'>Quotque</span> <span class='ocrx_word' id='word_1_41' title='bbox 358 543 403 590; x_wconf 91' lang='lat' dir='ltr'>in</span> <span class='ocrx_word' id='word_1_42' title='bbox 429 542 543 590; x_wconf 90' lang='lat' dir='ltr'>flore</span> <span class='ocrx_word' id='word_1_43' title='bbox 568 559 692 590; x_wconf 89' lang='lat' dir='ltr'>novo</span> <span class='ocrx_word' id='word_1_44' title='bbox 718 543 873 605; x_wconf 92' lang='lat' dir='ltr'>pomis</span> <span class='ocrx_word' id='word_1_45' title='bbox 894 559 942 588; x_wconf 91' lang='lat' dir='ltr'>se</span> <span class='ocrx_word' id='word_1_46' title='bbox 967 542 1128 588; x_wconf 82' lang='lat' dir='ltr'>fertilis</span> <span class='ocrx_word' id='word_1_47' title='bbox 1154 542 1294 588; x_wconf 87' lang='lat' dir='ltr'>arbos</span> 
     </span>
     <span class='ocr_line' id='line_1_8' title="bbox 108 608 1269 666; baseline 0 -11"><span class='ocrx_word' id='word_1_48' title='bbox 108 609 350 666; x_wconf 85' lang='lat' dir='ltr'>Induerat,</span> <span class='ocrx_word' id='word_1_49' title='bbox 385 610 583 657; x_wconf 90' lang='lat' dir='ltr'>totidem</span> <span class='ocrx_word' id='word_1_50' title='bbox 609 618 836 656; x_wconf 89' lang='lat' dir='ltr'>autumno</span> <span class='ocrx_word' id='word_1_51' title='bbox 857 617 1037 655; x_wconf 82' lang='lat' dir='ltr'>matura</span> <span class='ocrx_word' id='word_1_52' title='bbox 1061 608 1269 655; x_wconf 86' lang='lat' dir='ltr'>tenebat.</span> 
     </span>
     <span class='ocr_line' id='line_1_9' title="bbox 109 674 1192 730; baseline -0.001 -9"><span class='ocrx_word' id='word_1_53' title='bbox 109 675 196 722; x_wconf 89' lang='lat' dir='ltr'>Ille</span> <span class='ocrx_word' id='word_1_54' title='bbox 221 675 361 723; x_wconf 89' lang='lat' dir='ltr'>etiam</span> <span class='ocrx_word' id='word_1_55' title='bbox 388 692 514 723; x_wconf 86' lang='lat' dir='ltr'>seras</span> <span class='ocrx_word' id='word_1_56' title='bbox 534 677 579 723; x_wconf 91' lang='lat' dir='ltr'>in</span> <span class='ocrx_word' id='word_1_57' title='bbox 606 692 788 723; x_wconf 89' lang='lat' dir='ltr'>versum</span> <span class='ocrx_word' id='word_1_58' title='bbox 815 674 1000 722; x_wconf 86' lang='lat' dir='ltr'>distulit</span> <span class='ocrx_word' id='word_1_59' title='bbox 1025 675 1192 730; x_wconf 88' lang='lat' dir='ltr'>ulmos,</span> 
     </span>
     <span class='ocr_line' id='line_1_10' title="bbox 108 741 1425 805; baseline 0 -17"><span class='ocrx_word' id='word_1_60' title='bbox 108 741 413 804; x_wconf 88' lang='lat' dir='ltr'>Eduramque</span> <span class='ocrx_word' id='word_1_61' title='bbox 433 743 604 805; x_wconf 91' lang='lat' dir='ltr'>pirum,</span> <span class='ocrx_word' id='word_1_62' title='bbox 642 749 689 788; x_wconf 89' lang='lat' dir='ltr'>et</span> <span class='ocrx_word' id='word_1_63' title='bbox 712 741 866 804; x_wconf 88' lang='lat' dir='ltr'>spinos</span> <span class='ocrx_word' id='word_1_64' title='bbox 900 742 1002 803; x_wconf 80' lang='lat' dir='ltr'>jam</span> <span class='ocrx_word' id='word_1_65' title='bbox 1030 757 1179 802; x_wconf 88' lang='lat' dir='ltr'>pruna</span> <span class='ocrx_word' id='word_1_66' title='bbox 1203 741 1425 798; x_wconf 87' lang='lat' dir='ltr'>ferentes,</span> 
     </span>
     <span class='ocr_line' id='line_1_11' title="bbox 107 808 1426 870; baseline 0 -15"><span class='ocrx_word' id='word_1_67' title='bbox 107 810 308 870; x_wconf 81' lang='lat' dir='ltr'>Jamque</span> <span class='ocrx_word' id='word_1_68' title='bbox 320 808 656 856; x_wconf 86' lang='lat' dir='ltr'>ministrantem</span> <span class='ocrx_word' id='word_1_69' title='bbox 669 809 910 869; x_wconf 87' lang='lat' dir='ltr'>platanum</span> <span class='ocrx_word' id='word_1_70' title='bbox 925 808 1204 870; x_wconf 86' lang='lat' dir='ltr'>potantibus</span> <span class='ocrx_word' id='word_1_71' title='bbox 1219 809 1426 855; x_wconf 85' lang='lat' dir='ltr'>umbras.</span> 
     </span>
     <span class='ocr_line' id='line_1_12' title="bbox 107 873 1426 937; baseline 0.001 -17"><span class='ocrx_word' id='word_1_72' title='bbox 107 875 281 921; x_wconf 74' lang='lat' dir='ltr'>Verum</span> <span class='ocrx_word' id='word_1_73' title='bbox 311 875 411 922; x_wconf 85' lang='lat' dir='ltr'>haec</span> <span class='ocrx_word' id='word_1_74' title='bbox 428 875 527 937; x_wconf 85' lang='lat' dir='ltr'>ipsc</span> <span class='ocrx_word' id='word_1_75' title='bbox 546 875 783 936; x_wconf 84' lang='lat' dir='ltr'>equidem,</span> <span class='ocrx_word' id='word_1_76' title='bbox 811 874 979 936; x_wconf 87' lang='lat' dir='ltr'>spatiis</span> <span class='ocrx_word' id='word_1_77' title='bbox 1000 873 1220 921; x_wconf 83' lang='lat' dir='ltr'>exclusus</span> <span class='ocrx_word' id='word_1_78' title='bbox 1236 875 1426 937; x_wconf 89' lang='lat' dir='ltr'>iniquis,</span> 
     </span>
     <span class='ocr_line' id='line_1_13' title="bbox 110 940 1425 1004; baseline 0.002 -18"><span class='ocrx_word' id='word_1_79' title='bbox 110 941 362 997; x_wconf 60' lang='lat' dir='ltr'>Praetereo,</span> <span class='ocrx_word' id='word_1_80' title='bbox 376 951 517 1004; x_wconf 82' lang='lat' dir='ltr'>atque</span> <span class='ocrx_word' id='word_1_81' title='bbox 529 941 629 987; x_wconf 88' lang='lat' dir='ltr'>aliis</span> <span class='ocrx_word' id='word_1_82' title='bbox 642 940 750 1002; x_wconf 68' lang='lat' dir='ltr'>pdst</span> <span class='ocrx_word' id='word_1_83' title='bbox 766 940 1183 987; x_wconf 85' lang='lat' dir='ltr'>commemoranda</span> <span class='ocrx_word' id='word_1_84' title='bbox 1193 941 1425 1004; x_wconf 77' lang='lat' dir='ltr'>relinquo·</span> 
     </span>
     <span class='ocr_line' id='line_1_14' title="bbox 176 1007 1330 1069; baseline 0 -15"><span class='ocrx_word' id='word_1_85' title='bbox 176 1008 317 1054; x_wconf 88' lang='lat' dir='ltr'>Nunc</span> <span class='ocrx_word' id='word_1_86' title='bbox 341 1024 441 1069; x_wconf 87' lang='lat' dir='ltr'>age,</span> <span class='ocrx_word' id='word_1_87' title='bbox 479 1016 670 1054; x_wconf 90' lang='lat' dir='ltr'>naturas</span> <span class='ocrx_word' id='word_1_88' title='bbox 696 1007 865 1069; x_wconf 91' lang='lat' dir='ltr'>apibus</span> <span class='ocrx_word' id='word_1_89' title='bbox 891 1022 1008 1068; x_wconf 87' lang='lat' dir='ltr'>quas</span> <span class='ocrx_word' id='word_1_90' title='bbox 1028 1007 1214 1069; x_wconf 85' lang='lat' dir='ltr'>Jupiter</span> <span class='ocrx_word' id='word_1_91' title='bbox 1233 1008 1330 1068; x_wconf 87' lang='lat' dir='ltr'>ipse</span> 
     </span>
     <span class='ocr_line' id='line_1_15' title="bbox 109 1073 1396 1137; baseline -0.001 -17"><span class='ocrx_word' id='word_1_92' title='bbox 109 1073 327 1130; x_wconf 86' lang='lat' dir='ltr'>Addidit,</span> <span class='ocrx_word' id='word_1_93' title='bbox 365 1074 615 1137; x_wconf 86' lang='lat' dir='ltr'>expediam</span> <span class='ocrx_word' id='word_1_94' title='bbox 641 1091 654 1130; x_wconf 93' lang='lat'>;</span> <span class='ocrx_word' id='word_1_95' title='bbox 692 1090 778 1136; x_wconf 88' lang='lat' dir='ltr'>pro</span> <span class='ocrx_word' id='word_1_96' title='bbox 804 1074 898 1136; x_wconf 62' lang='lat' dir='ltr'>quii</span> <span class='ocrx_word' id='word_1_97' title='bbox 925 1076 1155 1130; x_wconf 85' lang='lat' dir='ltr'>mercede,</span> <span class='ocrx_word' id='word_1_98' title='bbox 1195 1090 1396 1121; x_wconf 82' lang='lat' dir='ltr'>canoros</span> 
     </span>
     <span class='ocr_line' id='line_1_16' title="bbox 111 1141 1422 1202; baseline 0 -16"><span class='ocrx_word' id='word_1_99' title='bbox 111 1141 336 1187; x_wconf 87' lang='lat' dir='ltr'>Curetum</span> <span class='ocrx_word' id='word_1_100' title='bbox 358 1142 536 1188; x_wconf 88' lang='lat' dir='ltr'>sonitus</span> <span class='ocrx_word' id='word_1_101' title='bbox 561 1141 934 1202; x_wconf 88' lang='lat' dir='ltr'>crepitantiaque</span> <span class='ocrx_word' id='word_1_102' title='bbox 960 1156 1052 1186; x_wconf 83' lang='lat' dir='ltr'>aera</span> <span class='ocrx_word' id='word_1_103' title='bbox 1079 1149 1273 1198; x_wconf 87' lang='lat' dir='ltr'>secutae,</span> <span class='ocrx_word' id='word_1_104' title='bbox 1339 1146 1422 1188; x_wconf 72' lang='lat'>151</span> 
     </span>
     <span class='ocr_line' id='line_1_17' title="bbox 110 1205 1112 1269; baseline 0.001 -17"><span class='ocrx_word' id='word_1_105' title='bbox 110 1205 297 1254; x_wconf 84' lang='lat' dir='ltr'>Dictaeo</span> <span class='ocrx_word' id='word_1_106' title='bbox 322 1208 428 1254; x_wconf 89' lang='lat' dir='ltr'>coeli</span> <span class='ocrx_word' id='word_1_107' title='bbox 454 1209 632 1269; x_wconf 83' lang='lat' dir='ltr'>Regem</span> <span class='ocrx_word' id='word_1_108' title='bbox 657 1223 826 1269; x_wconf 86' lang='lat' dir='ltr'>pavere</span> <span class='ocrx_word' id='word_1_109' title='bbox 845 1207 932 1252; x_wconf 90' lang='lat' dir='ltr'>sub</span> <span class='ocrx_word' id='word_1_110' title='bbox 957 1215 1112 1253; x_wconf 83' lang='lat' dir='ltr'>antro.</span> 
     </span>
     <span class='ocr_line' id='line_1_18' title="bbox 110 1272 1423 1333; baseline 0 -16"><span class='ocrx_word' id='word_1_111' title='bbox 110 1272 234 1319; x_wconf 85' lang='lat' dir='ltr'>Solae</span> <span class='ocrx_word' id='word_1_112' title='bbox 259 1291 536 1320; x_wconf 90' lang='lat' dir='ltr'>communes</span> <span class='ocrx_word' id='word_1_113' title='bbox 561 1281 713 1328; x_wconf 83' lang='lat' dir='ltr'>natos,</span> <span class='ocrx_word' id='word_1_114' title='bbox 753 1273 993 1319; x_wconf 82' lang='lat' dir='ltr'>consortia</span> <span class='ocrx_word' id='word_1_115' title='bbox 1018 1282 1142 1320; x_wconf 83' lang='lat' dir='ltr'>tecta</span> <span class='ocrx_word' id='word_1_116' title='bbox 1263 1272 1423 1333; x_wconf 85' lang='lat' dir='ltr'>[vum;</span> 
     </span>
     <span class='ocr_line' id='line_1_19' title="bbox 110 1333 1433 1399; baseline 0.004 -19"><span class='ocrx_word' id='word_1_117' title='bbox 110 1333 255 1380; x_wconf 86' lang='lat' dir='ltr'>Urbis</span> <span class='ocrx_word' id='word_1_118' title='bbox 293 1336 486 1392; x_wconf 85' lang='lat' dir='ltr'>habent,</span> <span class='ocrx_word' id='word_1_119' title='bbox 524 1336 802 1398; x_wconf 85' lang='lat' dir='ltr'>magnisque</span> <span class='ocrx_word' id='word_1_120' title='bbox 839 1337 1018 1399; x_wconf 80' lang='lat' dir='ltr'>agitant</span> <span class='ocrx_word' id='word_1_121' title='bbox 1043 1337 1132 1383; x_wconf 90' lang='lat' dir='ltr'>sub</span> <span class='ocrx_word' id='word_1_122' title='bbox 1156 1337 1341 1398; x_wconf 80' lang='lat' dir='ltr'>legibus</span> <span class='ocrx_word' id='word_1_123' title='bbox 1367 1356 1433 1385; x_wconf 80' lang='lat' dir='ltr'>ae-</span> 
     </span>
     <span class='ocr_line' id='line_1_20' title="bbox 111 1400 1242 1461; baseline 0.004 -16"><span class='ocrx_word' id='word_1_124' title='bbox 111 1400 170 1445; x_wconf 87' lang='lat' dir='ltr'>Et</span> <span class='ocrx_word' id='word_1_125' title='bbox 195 1402 392 1461; x_wconf 88' lang='lat' dir='ltr'>patriam</span> <span class='ocrx_word' id='word_1_126' title='bbox 415 1404 547 1458; x_wconf 88' lang='lat' dir='ltr'>solae,</span> <span class='ocrx_word' id='word_1_127' title='bbox 585 1410 633 1449; x_wconf 90' lang='lat' dir='ltr'>et</span> <span class='ocrx_word' id='word_1_128' title='bbox 657 1409 810 1449; x_wconf 88' lang='lat' dir='ltr'>certos</span> <span class='ocrx_word' id='word_1_129' title='bbox 836 1419 1005 1449; x_wconf 89' lang='lat' dir='ltr'>novere</span> <span class='ocrx_word' id='word_1_130' title='bbox 1022 1403 1242 1450; x_wconf 85' lang='lat' dir='ltr'>Penates.</span> 
     </span>
     <span class='ocr_line' id='line_1_21' title="bbox 113 1467 1340 1531; baseline 0.004 -20"><span class='ocrx_word' id='word_1_131' title='bbox 113 1467 431 1530; x_wconf 85' lang='lat' dir='ltr'>Venturaeque</span> <span class='ocrx_word' id='word_1_132' title='bbox 457 1468 635 1531; x_wconf 86' lang='lat' dir='ltr'>hyemis</span> <span class='ocrx_word' id='word_1_133' title='bbox 661 1485 905 1524; x_wconf 82' lang='lat' dir='ltr'>memoreS,</span> <span class='ocrx_word' id='word_1_134' title='bbox 945 1476 1106 1516; x_wconf 80' lang='lat' dir='ltr'>aestate</span> <span class='ocrx_word' id='word_1_135' title='bbox 1131 1470 1340 1516; x_wconf 83' lang='lat' dir='ltr'>laborem</span> 
     </span>
     <span class='ocr_line' id='line_1_22' title="bbox 111 1533 1325 1598; baseline 0.003 -20"><span class='ocrx_word' id='word_1_136' title='bbox 111 1533 443 1595; x_wconf 82' lang='lat' dir='ltr'>Experiuntur,</span> <span class='ocrx_word' id='word_1_137' title='bbox 481 1544 528 1582; x_wconf 89' lang='lat' dir='ltr'>et</span> <span class='ocrx_word' id='word_1_138' title='bbox 552 1535 599 1581; x_wconf 89' lang='lat' dir='ltr'>in</span> <span class='ocrx_word' id='word_1_139' title='bbox 624 1535 831 1581; x_wconf 91' lang='lat' dir='ltr'>medium</span> <span class='ocrx_word' id='word_1_140' title='bbox 848 1535 1047 1597; x_wconf 61' lang='lat' dir='ltr'>quaesita</span> <span class='ocrx_word' id='word_1_141' title='bbox 1070 1546 1325 1598; x_wconf 89' lang='lat' dir='ltr'>reponunt.</span> 
     </span>
     <span class='ocr_line' id='line_1_23' title="bbox 109 1598 1350 1683; baseline 0.003 -38"><span class='ocrx_word' id='word_1_142' title='bbox 109 1598 331 1663; x_wconf 86' lang='lat' dir='ltr'>Namque</span> <span class='ocrx_word' id='word_1_143' title='bbox 355 1601 463 1648; x_wconf 86' lang='lat' dir='ltr'>aliae</span> <span class='ocrx_word' id='word_1_144' title='bbox 487 1602 614 1648; x_wconf 89' lang='lat' dir='ltr'>victu</span> <span class='ocrx_word' id='word_1_145' title='bbox 640 1602 902 1683; x_wconf 85' lang='lat' dir='ltr'>invigilant,</span> <span class='ocrx_word' id='word_1_146' title='bbox 939 1610 986 1648; x_wconf 90' lang='lat' dir='ltr'>et</span> <span class='ocrx_word' id='word_1_147' title='bbox 1007 1601 1184 1648; x_wconf 83' lang='lat' dir='ltr'>foedere</span> <span class='ocrx_word' id='word_1_148' title='bbox 1208 1611 1350 1664; x_wconf 89' lang='lat' dir='ltr'>pacto</span> 
     </span>
     <span class='ocr_line' id='line_1_24' title="bbox 110 1666 1307 1731; baseline 0.003 -20"><span class='ocrx_word' id='word_1_149' title='bbox 110 1666 402 1714; x_wconf 84' lang='lat' dir='ltr'>Exercentur</span> <span class='ocrx_word' id='word_1_150' title='bbox 426 1668 583 1731; x_wconf 83' lang='lat' dir='ltr'>agris:</span> <span class='ocrx_word' id='word_1_151' title='bbox 623 1684 733 1731; x_wconf 77' lang='lat' dir='ltr'>pars</span> <span class='ocrx_word' id='word_1_152' title='bbox 753 1667 874 1715; x_wconf 86' lang='lat' dir='ltr'>intra</span> <span class='ocrx_word' id='word_1_153' title='bbox 899 1675 1036 1730; x_wconf 88' lang='lat' dir='ltr'>septa</span> <span class='ocrx_word' id='word_1_154' title='bbox 1059 1668 1307 1716; x_wconf 90' lang='lat' dir='ltr'>domorum</span> 
     </span>
     <span class='ocr_line' id='line_1_25' title="bbox 109 1731 1429 1798; baseline 0.004 -20"><span class='ocrx_word' id='word_1_155' title='bbox 109 1731 598 1798; x_wconf 84' lang='lat' dir='ltr'>Narcissilacrymam,</span> <span class='ocrx_word' id='word_1_156' title='bbox 618 1734 1305 1797; x_wconf 82' lang='lat' dir='ltr'>etlentumdecorticegluten,</span> <span class='ocrx_word' id='word_1_157' title='bbox 1338 1736 1429 1785; x_wconf 82' lang='lat'>160</span> 
     </span>
     <span class='ocr_line' id='line_1_26' title="bbox 109 1797 1353 1863; baseline 0.004 -19"><span class='ocrx_word' id='word_1_158' title='bbox 109 1797 263 1846; x_wconf 90' lang='lat' dir='ltr'>Prima</span> <span class='ocrx_word' id='word_1_159' title='bbox 286 1799 402 1847; x_wconf 85' lang='lat' dir='ltr'>favis</span> <span class='ocrx_word' id='word_1_160' title='bbox 428 1809 608 1863; x_wconf 84' lang='lat' dir='ltr'>ponunt</span> <span class='ocrx_word' id='word_1_161' title='bbox 625 1800 929 1856; x_wconf 88' lang='lat' dir='ltr'>fundamina;</span> <span class='ocrx_word' id='word_1_162' title='bbox 967 1801 1139 1848; x_wconf 90' lang='lat' dir='ltr'>deinde</span> <span class='ocrx_word' id='word_1_163' title='bbox 1166 1809 1353 1849; x_wconf 86' lang='lat' dir='ltr'>tenaces</span> 
     </span>
     <span class='ocr_line' id='line_1_27' title="bbox 111 1865 1362 1941; baseline 0.004 -30"><span class='ocrx_word' id='word_1_164' title='bbox 111 1865 425 1928; x_wconf 74' lang='lat' dir='ltr'>Suspendant</span> <span class='ocrx_word' id='word_1_165' title='bbox 448 1883 612 1923; x_wconf 86' lang='lat' dir='ltr'>ceras;</span> <span class='ocrx_word' id='word_1_166' title='bbox 651 1868 773 1923; x_wconf 85' lang='lat' dir='ltr'>aliae,</span> <span class='ocrx_word' id='word_1_167' title='bbox 813 1883 944 1941; x_wconf 83' lang='lat' dir='ltr'>spem</span> <span class='ocrx_word' id='word_1_168' title='bbox 965 1868 1133 1929; x_wconf 83' lang='lat' dir='ltr'>gentis,</span> <span class='ocrx_word' id='word_1_169' title='bbox 1171 1868 1362 1916; x_wconf 85' lang='lat' dir='ltr'>adultos</span> 
     </span>
     <span class='ocr_line' id='line_1_28' title="bbox 110 1930 1105 1994; baseline 0.004 -18"><span class='ocrx_word' id='word_1_170' title='bbox 110 1930 334 1978; x_wconf 88' lang='lat' dir='ltr'>Educunt</span> <span class='ocrx_word' id='word_1_171' title='bbox 358 1933 526 1987; x_wconf 74' lang='lat' dir='ltr'>foetus,</span> <span class='ocrx_word' id='word_1_172' title='bbox 516 1950 525 1961; x_wconf 91' lang='lat'><strong>·</strong></span> <span class='ocrx_word' id='word_1_173' title='bbox 564 1933 669 1980; x_wconf 84' lang='lat' dir='ltr'>aliae</span> <span class='ocrx_word' id='word_1_174' title='bbox 685 1933 940 1994; x_wconf 88' lang='lat' dir='ltr'>purissima</span> <span class='ocrx_word' id='word_1_175' title='bbox 963 1935 1105 1980; x_wconf 88' lang='lat' dir='ltr'>mella</span> 
     </span>
     <span class='ocr_line' id='line_1_29' title="bbox 111 1996 1306 2062; baseline 0.004 -20"><span class='ocrx_word' id='word_1_176' title='bbox 111 1996 318 2058; x_wconf 85' lang='lat' dir='ltr'>Stipant,</span> <span class='ocrx_word' id='word_1_177' title='bbox 354 2009 402 2045; x_wconf 86' lang='lat' dir='ltr'>et</span> <span class='ocrx_word' id='word_1_178' title='bbox 425 1998 607 2062; x_wconf 86' lang='lat' dir='ltr'>liquido</span> <span class='ocrx_word' id='word_1_179' title='bbox 632 1999 910 2047; x_wconf 90' lang='lat' dir='ltr'>distendunt</span> <span class='ocrx_word' id='word_1_180' title='bbox 934 2009 1125 2047; x_wconf 88' lang='lat' dir='ltr'>nectare</span> <span class='ocrx_word' id='word_1_181' title='bbox 1151 2001 1306 2047; x_wconf 78' lang='lat' dir='ltr'>cellaS.</span> 
     </span>
     <span class='ocr_line' id='line_1_30' title="bbox 111 2062 1325 2128; baseline 0.005 -20"><span class='ocrx_word' id='word_1_182' title='bbox 111 2062 247 2120; x_wconf 88' lang='lat' dir='ltr'>Sunt,</span> <span class='ocrx_word' id='word_1_183' title='bbox 285 2065 456 2126; x_wconf 91' lang='lat' dir='ltr'>quibus</span> <span class='ocrx_word' id='word_1_184' title='bbox 477 2066 537 2112; x_wconf 89' lang='lat' dir='ltr'>ad</span> <span class='ocrx_word' id='word_1_185' title='bbox 562 2074 719 2128; x_wconf 89' lang='lat' dir='ltr'>portas</span> <span class='ocrx_word' id='word_1_186' title='bbox 738 2065 909 2113; x_wconf 88' lang='lat' dir='ltr'>cecidit</span> <span class='ocrx_word' id='word_1_187' title='bbox 933 2066 1153 2113; x_wconf 87' lang='lat' dir='ltr'>custodia</span> <span class='ocrx_word' id='word_1_188' title='bbox 1179 2068 1325 2123; x_wconf 75' lang='lat' dir='ltr'>sorti:</span> 
     </span>
     <span class='ocr_line' id='line_1_31' title="bbox 111 2106 1342 2195; baseline 0.004 -21"><span class='ocrx_word' id='word_1_189' title='bbox 111 2128 261 2191; x_wconf 89' lang='lat' dir='ltr'>Inque</span> <span class='ocrx_word' id='word_1_190' title='bbox 285 2131 437 2178; x_wconf 88' lang='lat' dir='ltr'>vicem</span> <span class='ocrx_word' id='word_1_191' title='bbox 464 2132 769 2192; x_wconf 89' lang='lat' dir='ltr'>speculantur</span> <span class='ocrx_word' id='word_1_192' title='bbox 788 2148 935 2195; x_wconf 86' lang='lat' dir='ltr'>aquas</span> <span class='ocrx_word' id='word_1_193' title='bbox 960 2141 1005 2179; x_wconf 91' lang='lat' dir='ltr'>et</span> <span class='ocrx_word' id='word_1_194' title='bbox 1031 2133 1194 2179; x_wconf 86' lang='lat' dir='ltr'>nubila</span> <span class='ocrx_word' id='word_1_195' title='bbox 1219 2106 1342 2190; x_wconf 83' lang='lat' dir='ltr'>coeli,</span> 
     </span>
     <span class='ocr_line' id='line_1_32' title="bbox 112 2196 1432 2261; baseline 0.005 -20"><span class='ocrx_word' id='word_1_196' title='bbox 112 2196 208 2242; x_wconf 84' lang='lat' dir='ltr'>Aut</span> <span class='ocrx_word' id='word_1_197' title='bbox 233 2213 376 2246; x_wconf 90' lang='lat' dir='ltr'>onera</span> <span class='ocrx_word' id='word_1_198' title='bbox 398 2199 641 2261; x_wconf 84' lang='lat' dir='ltr'>accipiunt</span> <span class='ocrx_word' id='word_1_199' title='bbox 665 2199 951 2255; x_wconf 91' lang='lat' dir='ltr'>venientum,</span> <span class='ocrx_word' id='word_1_200' title='bbox 987 2207 1069 2245; x_wconf 88' lang='lat' dir='ltr'>aut</span> <span class='ocrx_word' id='word_1_201' title='bbox 1092 2202 1277 2261; x_wconf 85' lang='lat' dir='ltr'>agmine</span> <span class='ocrx_word' id='word_1_202' title='bbox 1300 2199 1432 2247; x_wconf 83' lang='lat' dir='ltr'>facto</span> 
     </span>
     <span class='ocr_line' id='line_1_33' title="bbox 113 2262 1309 2328; baseline 0.005 -21"><span class='ocrx_word' id='word_1_203' title='bbox 113 2262 358 2323; x_wconf 84' lang='lat' dir='ltr'>Ignavum,</span> <span class='ocrx_word' id='word_1_204' title='bbox 397 2263 551 2322; x_wconf 89' lang='lat' dir='ltr'>fucos,</span> <span class='ocrx_word' id='word_1_205' title='bbox 589 2282 738 2327; x_wconf 84' lang='lat' dir='ltr'>pecus</span> <span class='ocrx_word' id='word_1_206' title='bbox 762 2282 789 2312; x_wconf 89' lang='lat' dir='ltr'>a</span> <span class='ocrx_word' id='word_1_207' title='bbox 814 2266 1106 2328; x_wconf 85' lang='lat' dir='ltr'>praesepibus</span> <span class='ocrx_word' id='word_1_208' title='bbox 1129 2274 1309 2313; x_wconf 87' lang='lat' dir='ltr'>arcent.</span> 
     </span>
     <span class='ocr_line' id='line_1_34' title="bbox 114 2303 1432 2395; baseline 0.006 -22"><span class='ocrx_word' id='word_1_209' title='bbox 114 2328 148 2373; x_wconf 94' lang='lat'><em>1</em></span> <span class='ocrx_word' id='word_1_210' title='bbox 153 2337 284 2376; x_wconf 85' lang='lat' dir='ltr'>ervet</span> <span class='ocrx_word' id='word_1_211' title='bbox 308 2347 446 2393; x_wconf 91' lang='lat' dir='ltr'>opus,</span> <span class='ocrx_word' id='word_1_212' title='bbox 470 2303 778 2394; x_wconf 84' lang='lat' dir='ltr'>redolentque</span> <span class='ocrx_word' id='word_1_213' title='bbox 800 2333 964 2395; x_wconf 84' lang='lat' dir='ltr'>thymo</span> <span class='ocrx_word' id='word_1_214' title='bbox 990 2332 1247 2395; x_wconf 85' lang='lat' dir='ltr'>fragrantia</span> <span class='ocrx_word' id='word_1_215' title='bbox 1274 2333 1432 2381; x_wconf 89' lang='lat' dir='ltr'>mella.</span> 
     </span>
     <span class='ocr_line' id='line_1_35' title="bbox 116 2396 1432 2462; baseline 0.006 -22"><span class='ocrx_word' id='word_1_216' title='bbox 116 2396 184 2441; x_wconf 87' lang='lat' dir='ltr'>Ac</span> <span class='ocrx_word' id='word_1_217' title='bbox 211 2396 352 2444; x_wconf 89' lang='lat' dir='ltr'>veluti</span> <span class='ocrx_word' id='word_1_218' title='bbox 371 2398 509 2445; x_wconf 82' lang='lat' dir='ltr'>lentis</span> <span class='ocrx_word' id='word_1_219' title='bbox 534 2398 770 2462; x_wconf 87' lang='lat' dir='ltr'>Cyclopes</span> <span class='ocrx_word' id='word_1_220' title='bbox 790 2398 983 2445; x_wconf 86' lang='lat' dir='ltr'>fulmina</span> <span class='ocrx_word' id='word_1_221' title='bbox 1010 2399 1172 2446; x_wconf 88' lang='lat' dir='ltr'>massis</span> <span class='ocrx_word' id='word_1_222' title='bbox 1344 2407 1432 2456; x_wconf 84' lang='lat'>170</span> 
     </span>
     <span class='ocr_line' id='line_1_36' title="bbox 113 2460 1421 2525; baseline 0.004 -17"><span class='ocrx_word' id='word_1_223' title='bbox 113 2461 235 2508; x_wconf 71' lang='lat' dir='ltr'>Cum</span> <span class='ocrx_word' id='word_1_224' title='bbox 256 2472 540 2525; x_wconf 89' lang='lat' dir='ltr'>properant;</span> <span class='ocrx_word' id='word_1_225' title='bbox 577 2465 654 2512; x_wconf 88' lang='lat' dir='ltr'>alii</span> <span class='ocrx_word' id='word_1_226' title='bbox 681 2465 874 2512; x_wconf 87' lang='lat' dir='ltr'>taurinis</span> <span class='ocrx_word' id='word_1_227' title='bbox 899 2464 1093 2513; x_wconf 87' lang='lat' dir='ltr'>follibus</span> <span class='ocrx_word' id='word_1_228' title='bbox 1117 2481 1255 2512; x_wconf 89' lang='lat' dir='ltr'>auras</span> <span class='ocrx_word' id='word_1_229' title='bbox 1418 2460 1421 2464; x_wconf 50' lang='lat'>¹</span> 
     </span>
     <span class='ocr_line' id='line_1_37' title="bbox 113 2527 1347 2595; baseline 0.005 -23"><span class='ocrx_word' id='word_1_230' title='bbox 113 2527 385 2592; x_wconf 87' lang='lat' dir='ltr'>Accipiunt,</span> <span class='ocrx_word' id='word_1_231' title='bbox 422 2530 738 2593; x_wconf 86' lang='lat' dir='ltr'>redduntque,</span> <span class='ocrx_word' id='word_1_232' title='bbox 788 2528 868 2577; x_wconf 89' lang='lat' dir='ltr'>alii</span> <span class='ocrx_word' id='word_1_233' title='bbox 891 2530 1137 2580; x_wconf 88' lang='lat' dir='ltr'>stridentia</span> <span class='ocrx_word' id='word_1_234' title='bbox 1162 2532 1347 2595; x_wconf 83' lang='lat' dir='ltr'>tingunt</span> 
     </span>
    </p>
   </div>
  </div>
 </body>
</html>
