1546 2686
140 83 198 122 84
471 87 519 121 P.
560 88 806 122 vincum
835 89 1091 124 MARONJS
1124 73 1132 89 ¹

137 205 249 252 AEra
271 206 403 262 lacu;
441 207 586 268 gemit
609 206 839 270 impositis
865 208 1116 254 incudibus
1143 210 1280 256 AEtna
1303 223 1316 254 ε

138 271 351 318 Illiinter
371 289 471 319 sese
496 274 663 334 magna
688 274 732 320 vi
760 274 949 322 brachia
970 275 1141 321 tollunt

137 335 192 383 In
217 353 480 396 numerum,
519 347 802 402 versantque
828 341 982 388 tenaci
1007 341 1181 403 forcipe
1201 339 1392 386 ferrum.

136 402 247 449 Non
271 404 404 450 aliter
427 405 483 464 (si
510 421 653 466 parva
677 405 789 452 licet
812 422 1094 467 componere
1120 407 1318 467 magnis)

134 469 395 533 Cecropias
421 472 604 517 innatus
629 487 742 532 apes
767 487 897 518 amor
921 482 1052 533 urget
1073 473 1293 528 habendi,

135 535 336 582 Munere
361 553 598 598 quamque
624 553 726 583 su0.
798 538 1076 584 Grandaevis
1101 538 1279 600 oppida
1304 546 1445 591 curae.

134 599 199 646 Et
223 602 400 648 munire
424 602 572 660 favos,
609 612 654 648 et
681 601 877 650 Daedala
901 602 1078 665 fingere
1103 612 1245 650 tecta.

133 669 203 712 At
226 667 360 714 fessae
386 668 530 713 multa
557 668 760 714 referunt
787 685 833 715 se
858 678 997 715 nocte
1021 670 1237 723 minores,
1357 675 1448 716 180

133 732 282 779 Crura
306 733 471 796 thymo
496 733 675 795 plenae;
713 744 976 795 pascuntur
994 744 1039 781 et
1072 736 1241 782 arbuta
1261 736 1447 795 passini,

132 798 193 844 Et
216 798 407 859 glaucas
428 800 610 856 salices,
649 800 934 863 casiamque,
971 817 1258 863 crocumque
1282 801 1451 847 rubeu-

134 865 195 910 Et
210 865 433 928 pinguem
448 866 608 922 tiliam,
630 876 675 912 et
697 866 980 929 ferrugineos
999 867 1296 931 hyacinthos.
1320 868 1449 928 [tem‚

133 931 370 978 Omnibus
396 948 488 979 uua
514 931 646 994 quies
667 949 882 995 operum,
909 933 1041 979 labor
1065 933 1286 979 omuibus
1313 949 1447 979 uuus.

134 997 277 1044 Mane
303 1006 447 1045 ruunt
481 995 630 1061 port'is
653 1015 664 1052 ;
703 1015 937 1061 nusquam
963 1015 1126 1046 mora:
1166 1016 1322 1046 rursus
1348 1015 1450 1044 eas-

133 1065 318 1126 Vesper
337 1064 419 1110 ubi
438 1082 461 1111 e
482 1072 623 1128 pastu
650 1065 840 1111 tandem
857 1065 1087 1112 decedere
1114 1066 1294 1127 campis
1320 1066 1449 1128 [dem

133 1130 410 1187 Admonuit,
449 1142 545 1180 tum
564 1139 693 1177 tecta
718 1140 898 1192 petunt,
927 1141 1023 1178 tum
1042 1148 1242 1193 corpora
1267 1142 1448 1179 curant.

133 1198 212 1246 Fit
235 1197 433 1253 sonitus,
473 1205 779 1259 mussantque
799 1215 905 1245 oras
929 1207 974 1245 et
998 1198 1154 1244 limina
1179 1198 1371 1245 circum.

132 1264 267 1321 Post,
306 1264 387 1310 ubi
406 1264 504 1326 jam
532 1263 748 1310 thalamis
774 1281 819 1310 se
845 1280 1173 1327 composuere,
1213 1265 1370 1311 siletur

133 1330 188 1377 In
203 1339 406 1387 noctem,
429 1332 672 1392 fessosque
688 1346 830 1392 sopor
846 1347 954 1377 suus
971 1339 1179 1391 occupat
1197 1339 1339 1377 artuS.
1361 1338 1450 1387 190

200 1398 302 1444 Nec
329 1398 437 1445 vero
456 1414 483 1443 a
504 1396 698 1443 stabulis
720 1397 878 1459 pluvia
900 1396 1201 1457 impendente
1223 1397 1451 1444 recedunt

134 1463 358 1526 Longius,
397 1472 479 1511 aut
503 1463 701 1510 credunt
723 1463 858 1518 coelo,
895 1462 1258 1509 adventantibus
1283 1464 1448 1519 Euris;

135 1530 229 1576 Sed
256 1530 432 1577 circum
459 1539 573 1576 tutae
598 1529 687 1574 sub
714 1529 944 1575 moenibus
971 1529 1097 1575 urbis
1123 1541 1373 1591 aquantur,
1422 1560 1425 1564 ·

134 1596 472 1657 Excursusque
497 1597 658 1642 breves
681 1603 890 1649 tentaut3
928 1603 974 1641 et
998 1611 1125 1656 saepe
1149 1595 1351 1657 lapillos,

135 1662 202 1709 Ut
226 1662 411 1725 cymbae
436 1661 677 1708 instabiles
703 1659 850 1706 fluctu
868 1660 1085 1722 jactante
1102 1662 1361 1719 saburram,

133 1728 337 1775 Tollunt
360 1745 370 1775 :
410 1728 482 1774 his
507 1744 609 1776 sese
630 1743 713 1790 per
731 1727 885 1773 inania
910 1728 1071 1773 nubila
1095 1727 1282 1775 librant.

201 1795 341 1841 Illum
366 1794 487 1841 adeo
512 1794 751 1857 placuisse
770 1794 935 1855 apibus
959 1793 1186 1840 mirabere
1222 1811 1420 1852 morem,

136 1861 278 1916 Quod
313 1878 400 1908 nec
427 1861 688 1907 concubitu
714 1859 973 1922 indulgent,
1014 1877 1100 1906 nec
1127 1875 1327 1922 corpora
1353 1879 1451 1924 seg-

135 1927 189 1974 In
210 1929 442 1975 Venerem
455 1929 659 1983 solvunt,
688 1933 769 1972 aut
792 1926 1131 1973 foetusnixibus
1155 1927 1317 1974 edunt.
1348 1930 1449 1990 [nes

136 1994 310 2041 Verum
332 1995 443 2057 ipsae
466 2010 491 2039 e
516 1994 639 2040 foliis
665 2001 800 2039 natos
825 2002 871 2039 et
894 1993 1120 2040 suavibus
1147 1994 1297 2040 herbis
1356 2001 1449 2042 200

137 2060 236 2107 Ore
259 2061 448 2121 legunt:
487 2059 599 2121 ipsae
619 2075 772 2121 regem
810 2075 1076 2122 parvosque
1102 2060 1310 2114 Quirites

138 2125 404 2183 Sufficiunt,
442 2126 666 2188 aulasque
691 2134 738 2172 et
758 2142 893 2172 cerea
918 2142 1058 2188 regna
1081 2125 1333 2188 refinguut.

136 2193 277 2254 Saepe
301 2193 439 2239 etiam
459 2192 586 2239 duris
607 2191 805 2238 errando
827 2192 873 2237 in
899 2192 1087 2239 cotibus
1103 2193 1199 2238 alas

136 2259 388 2314 Attrivere,
426 2260 640 2320 ultroque
665 2258 867 2304 animam
889 2258 975 2305 sub
995 2258 1122 2304 fasce
1147 2257 1349 2313 dedere;

135 2324 320 2370 Tantus
346 2341 476 2371 amor
501 2323 682 2379 florum,
721 2333 769 2370 et
792 2324 1049 2387 generandi
1071 2324 1215 2386 gloria
1236 2326 1399 2372 mellis.

137 2391 263 2451 Ergo
289 2390 412 2452 ipsas
438 2391 651 2452 quamvis
676 2391 859 2453 angusti
878 2392 1100 2438 terminus
1126 2391 1214 2437 aevi

138 2457 360 2519 Excipiat
383 2461 553 2519 (neque
578 2456 698 2503 cuim
725 2458 830 2519 plus
857 2457 1056 2520 septima
1081 2457 1272 2504 ducitur
1296 2460 1449 2515 aestas)

139 2525 203 2571 At
237 2539 382 2587 genus
405 2523 670 2571 immortale
694 2532 870 2580 manet,
906 2524 1173 2586 multosque
1198 2541 1283 2588 per
1307 2540 1450 2570 annos
