1586 2704
594 119 857 154 AENEIDos
894 119 1002 153 ΜΒ.
1041 119 1151 153 x11.
1419 111 1513 159 377

276 234 471 283 Accidit
493 234 597 282 haec
622 235 756 283 fessis
777 235 916 282 etiam
941 235 1133 281 fortuna
1161 233 1355 290 Latinis,

212 302 335 357 Quae
359 309 509 349 totam
533 302 665 348 luctu
690 302 936 349 concussit
957 301 1172 348 funditus
1197 301 1379 348 urbem.

210 368 394 432 Regina
417 377 471 416 ut
496 369 635 415 tectis
661 369 926 416 venientem
954 368 1188 430 prospicit
1213 369 1413 423 bostem,

209 435 388 483 Incessi
409 452 587 492 murm,
610 436 742 498 ignes
765 437 823 482 ad
850 443 978 482 tecta
1002 436 1158 481 volare
1176 452 1188 489 ;
1414 432 1512 496 [ni;

208 501 461 566 Nusquam
480 502 607 549 acies
625 502 793 548 contra
813 502 1030 558 Rutulas,
1047 502 1171 547 nulla
1188 501 1376 564 agmina
1393 501 1516 546 Tur-

207 567 382 616 Infelix
409 585 583 631 pugnae
600 570 830 630 juvenem
858 568 902 614 in
928 568 1186 614 certamine
1211 567 1364 613 credit

207 635 517 690 Extinctum;
555 643 618 693 et,
646 635 808 681 subito
833 643 1037 681 mentem
1061 635 1254 682 turbata
1278 633 1460 689 dolore,

208 701 272 748 Se
287 718 485 749 causam
502 702 688 758 clamat,
703 701 978 764 crimenque
996 710 1240 763 caputque
1256 700 1515 753 malorum;

207 768 464 832 Multaque
477 776 788 830 permoestuni
807 768 1000 815 demens
1016 770 1160 815 effata
1177 767 1401 822 furorem,
1421 762 1513 813 601

205 833 480 899 Purpureos
507 835 733 882 moritura
759 851 904 882 manu
930 835 1156 882 discindit
1181 834 1403 889 amictus,

207 901 271 947 Et
295 902 474 949 nodum
498 901 714 948 informis
739 902 819 948 leti
848 903 980 948 trabe
1005 903 1155 948 nectit
1181 902 1241 946 ab
1268 901 1383 947 alta.

209 968 370 1022 Quam
389 969 578 1016 cladem
598 969 778 1015 miserae
798 976 1052 1031 postquam
1074 983 1300 1029 accepere
1318 966 1518 1023 Latinae,

207 1034 327 1081 Filia
350 1036 502 1098 prima
527 1052 668 1083 manu
694 1035 843 1081 flavos
868 1035 1063 1081 Lavinia
1089 1035 1256 1091 crines,

187 1101 271 1146 ‘Et
294 1118 454 1150 roseas
477 1103 651 1149 laniata
677 1118 836 1164 genas,
865 1111 966 1148 tuni
991 1111 1153 1148 cetera
1178 1101 1355 1147 circum

205 1167 376 1215 Turba
400 1169 542 1216 furit:
580 1177 801 1216 resonant
828 1169 919 1215 late
946 1170 1255 1232 plangoribus
1283 1167 1426 1213 aedes.

208 1233 338 1282 Hinc
360 1243 510 1282 totam
535 1236 694 1282 infelix
719 1235 940 1298 vulgatur
965 1236 1093 1282 fania
1118 1252 1203 1297 per
1227 1234 1414 1282 urbem.

207 1301 483 1349 Demittunt
508 1312 719 1357 inentcs;
761 1303 799 1348 it
823 1302 970 1349 scissa
1000 1310 1124 1349 veste
1150 1303 1364 1357 Latinus,

209 1368 439 1431 Conjugis
464 1369 690 1416 attonitus
716 1369 842 1422 fatis,
869 1369 1091 1431 urbisque
1116 1370 1265 1424 urina,
1425 1365 1522 1414 610

209 1434 443 1483 Canitiem
470 1436 712 1482 immundo
740 1435 974 1498 perfusam
1003 1437 1198 1498 pulvere
1223 1446 1445 1496 turpans:

207 1501 466 1565 Multaque
491 1520 541 1551 se
567 1504 776 1558 incusat,
801 1502 878 1564 qui
905 1519 999 1549 non
1025 1502 1268 1565 acceperit
1294 1500 1404 1547 aute

207 1567 506 1616 Dardanium
530 1571 740 1624 AEneam,
767 1586 1088 1630 generumque
1114 1568 1337 1615 asciverit
1362 1569 1504 1615 ultro.

274 1635 460 1682 Interea
480 1644 694 1682 extremo
717 1635 916 1682 bellator
940 1637 987 1681 in
1012 1652 1206 1698 aequore
1230 1636 1422 1681 Turnus

209 1701 433 1750 Palantes
458 1703 673 1765 sequitur
696 1719 898 1765 paucos,
917 1703 1017 1764 jam
1045 1703 1244 1766 segnior,
1271 1712 1417 1764 atque

206 1769 314 1816 Jam
338 1769 494 1816 minus
521 1778 666 1831 atque
688 1771 841 1815 minus
857 1786 1087 1817 successu
1106 1771 1243 1816 laetus
1264 1785 1518 1830 equorum.

207 1836 381 1882 Attulit
406 1837 532 1882 hunc
559 1837 627 1882 illi
652 1837 792 1882 caecis
822 1837 1077 1883 terroribus
1103 1854 1220 1883 aura

208 1902 534 1949 Commixtum
562 1903 832 1959 clamorem,
858 1904 1367 1966 arrectasqueimpulit
1387 1919 1524 1950 aures

209 1968 440 2017 Confusae
466 1986 608 2015 sonus
638 1969 786 2026 urbis,
814 1977 862 2016 et
886 1969 1126 2017 illaetabiie
1152 1987 1382 2017 murmur.

207 2035 302 2083 Hei
327 2036 474 2084 mihi!
512 2036 628 2099 quid
656 2045 789 2082 tauto
815 2036 1069 2083 turbantur
1096 2037 1264 2083 moenia
1291 2037 1461 2084 luctu?

208 2102 392 2157 Quisve
416 2103 512 2150 ruit
538 2111 695 2150 tantus
720 2103 904 2149 diversa
933 2105 1114 2150 clamor
1139 2105 1200 2150 ab
1226 2104 1380 2150 urbe?
1428 2102 1519 2153 621

209 2168 290 2216 Sic
317 2170 399 2226 ait,
425 2169 747 2231 adductisque
773 2186 935 2216 amens
962 2171 1179 2217 subsistit
1206 2171 1424 2226 habenis,

207 2236 374 2298 Atque
400 2237 511 2283 huic
538 2236 585 2282 in
610 2236 780 2283 faciem
807 2252 938 2282 soror
963 2247 1015 2283 ut
1042 2253 1270 2284 conversa
1297 2237 1494 2284 Metisci

207 2301 420 2364 Aurigae,
448 2319 738 2365 currumque
767 2311 815 2349 et
840 2319 989 2365 equos
1015 2312 1059 2350 et
1085 2304 1190 2351 lora
1215 2305 1427 2366 regebat,

207 2368 416 2416 Talibus
443 2371 656 2417 occurrit
680 2369 853 2416 dictis:
892 2370 1015 2428 Hac,
1041 2371 1222 2427 Turne,
1251 2386 1508 2432 sequamur

204 2434 526 2498 Trojugenas,
553 2436 648 2498 qua
675 2436 829 2499 prima
856 2437 972 2482 vium
1000 2437 1196 2484 victorin
1223 2436 1407 2499 pandit.

205 2502 329 2549 Sunt
349 2502 446 2559 alii,
472 2503 556 2567 qui
583 2512 713 2551 tecta
739 2519 880 2550 manu
907 2503 1164 2550 defendere
1190 2504 1392 2565 possint.

206 2568 394 2633 Ingruit
418 2571 591 2618 AEneas
618 2571 763 2628 Italis,
790 2578 838 2617 et
863 2571 1025 2634 praelia
1051 2571 1251 2626 1:2iscet;
