1607 2700
178 91 276 138 246
522 103 567 135 P.
609 102 852 136 vrnmur
886 102 1150 149 Minionis

182 223 237 268 Et
262 221 448 276 Turno,
471 221 509 266 si
535 220 685 282 prima
707 222 879 270 domfis
905 229 1150 283 repetatur
1175 221 1324 282 origo,

181 290 385 334 Inachus
411 287 713 349 Acrisiusque
736 297 912 350 patres,
940 289 1199 350 mediaeque
1226 288 1470 350 Mycenae.

244 354 332 399 His
359 354 441 399 ubi
466 353 785 416 nequicquam
808 354 946 401 dictis
973 362 1183 416 experta,
1212 353 1426 400 Latinum

179 418 365 467 Contra
386 430 509 467 stare
535 420 664 466 videt
686 438 696 474 ;
724 420 1009 482 penitusque
1035 422 1079 466 in
1102 421 1281 467 viscera
1306 420 1493 482 lapsum

181 487 424 548 Serpentis
451 487 615 532 furiale
641 487 828 542 malurn,
855 495 1099 549 totamque
1124 496 1359 548 pere1·rat;

179 553 308 598 Tum
337 554 448 600 vero
469 553 650 607 infelix,
678 552 946 612 ingentibus
969 553 1123 599 excita
1151 552 1394 606 monstris,

181 620 466 665 Immensain
495 620 589 664 sine
613 634 740 665 more
767 617 879 663 furit
905 618 1147 680 lymphata
1168 636 1252 681 per
1278 620 1443 665 urbem
1465 635 1476 665 :

182 687 283 732 Ceu
311 685 550 760 quondam
580 693 706 730 torto
732 684 934 730 volitans
952 686 1038 730 sub
1061 685 1254 732 verbere
1281 685 1438 742 turbo,

183 753 339 805 Quem
367 752 502 814 pueri
530 767 701 812 magno
728 752 773 796 in
801 767 917 813 gyro
943 766 1093 797 vacua
1118 752 1234 796 atria
1260 751 1440 797 circum

182 818 359 864 Intenti
385 818 498 863 ludo
525 827 762 865 exercent.
836 817 920 863 Ille
946 826 1082 863 actus
1108 817 1289 863 habena
1400 825 1498 866 :380

183 884 400 931 Curvatis
428 884 576 930 fertur
601 885 796 945 spatiis.
835 892 992 944 stupet
1017 883 1164 929 inscia
1190 883 1328 945 supra

181 951 506 1012 Impubesque
533 967 719 1007 manus,
744 951 910 996 mirata
925 950 1131 995 volubile
1158 950 1362 998 buxum:

182 1017 315 1063 Dant
339 1018 519 1063 animos
544 1017 714 1080 plagae.
786 1017 893 1063 Non
922 1033 1063 1062 cursu
1090 1018 1275 1076 segnior
1295 1018 1378 1064 illo

185 1084 272 1129 Per
299 1084 477 1130 medias
506 1085 645 1131 urbes
671 1084 844 1146 agitur,
874 1083 1177 1145 populosque
1194 1083 1397 1131 feroces.

183 1151 310 1205 Quin
338 1151 479 1198 etiam
507 1152 553 1196 in
581 1151 742 1206 silvas,
771 1150 992 1196 simulato
1018 1150 1204 1196 numine
1234 1151 1430 1208 Bacchi,

183 1218 348 1277 Majus
373 1217 538 1264 adorsa
560 1217 708 1272 nesaS,
739 1217 1062 1278 majoremque
1088 1233 1190 1262 orsa
1212 1215 1436 1277 furorem,

185 1284 354 1330 Evolat
375 1301 386 1337 ;
424 1295 468 1330 et
490 1293 645 1330 natam
668 1283 903 1330 frondosis
930 1282 1169 1328 montibus
1191 1284 1340 1340 abdit,

184 1350 296 1405 Quo
312 1351 572 1398 thalamum
596 1349 997 1412 eripiatTeucriS‚
1014 1350 1257 1411 taedasque
1272 1359 1495 1400 moretur:

183 1418 328 1471 Evoe,
350 1419 555 1474 Bacche,
585 1416 801 1472 fremens,
830 1417 980 1461 solum
1010 1424 1053 1461 te
1081 1415 1256 1478 virgine
1282 1417 1474 1479 dignum

183 1484 478 1530 Vociferans.
553 1484 737 1530 Etenim
764 1482 928 1528 molles
955 1482 1040 1528 tibi
1061 1498 1245 1529 sumere
1271 1485 1475 1547 thyrsos,

182 1551 254 1596 Te
269 1552 460 1597 lustrare
475 1552 636 1606 choro,
661 1566 845 1596 sacrum
867 1550 953 1595 tibi
973 1565 1169 1611 pascere
1182 1550 1375 1597 crinem.
1404 1558 1494 1609 391

251 1619 393 1664 Fama
413 1618 538 1663 volat
557 1635 567 1670 ;
599 1617 842 1677 Furiisque
868 1632 1094 1663 accensas
1112 1624 1305 1678 pectore
1326 1628 1500 1665 matres

184 1683 316 1730 Idem
343 1701 504 1730 omnes
526 1683 663 1729 simul
687 1683 826 1728 ardor
851 1683 944 1742 agit
967 1698 1087 1728 nova
1115 1699 1326 1745 quaerere
1354 1693 1499 1731 tecta.

183 1751 451 1797 Deseruere
476 1750 645 1796 domos
668 1767 678 1803 ;
717 1749 866 1794 ventis
893 1749 1006 1794 dant
1032 1750 1152 1795 colla
1179 1766 1455 1813 comasque.

185 1821 274 1864 Ast
299 1817 404 1864 aliae
428 1817 637 1863 tremulis
659 1815 917 1862 ululatibus
939 1815 1110 1862 aetliera
1132 1817 1389 1878 complent,

185 1885 562 1946 Pampineasque
591 1892 758 1945 gerunt
784 1883 1008 1929 incinctae
1034 1883 1238 1944 pellibus
1261 1885 1440 1932 hastas.

186 1952 292 2012 Ipsa
321 1951 442 1997 inter
463 1950 641 1997 medias
669 1949 946 2008 flagrantem
969 1949 1149 1996 fervida
1173 1951 1338 2011 pinum

187 2018 417 2074 Sustinet,
444 2034 499 2063 ae.
522 2026 647 2064 natae
672 2017 921 2079 Turnique
947 2018 1073 2063 canit
1099 2017 1385 2079 hymeuaeos,

189 2084 502 2146 Sanguineam
530 2092 759 2146 torquens
785 2085 934 2130 aciem
958 2101 968 2137 ;
996 2083 1280 2145 torvumque
1307 2086 1501 2146 repente

188 2150 409 2198 Clamat:
451 2152 504 2196 Io
529 2159 717 2205 matres,
745 2151 907 2197 audite
935 2150 1016 2196 ubi
1041 2166 1262 2212 quaeque,
1302 2151 1501 2199 Latinae.

190 2217 241 2263 Si
267 2234 359 2278 qua
383 2218 475 2278 piis
496 2217 660 2262 animis
686 2226 842 2263 manet
870 2216 1071 2263 infelicis
1098 2220 1284 2263 Amatae
1404 2225 1497 2266 401

190 2284 373 2339 Gratia,
403 2283 439 2329 si
457 2283 580 2342 juris
608 2283 806 2329 materni
832 2299 943 2329 cura
967 2283 1201 2329 remordet
1223 2302 1235 2339 ;

191 2350 370 2396 Solvite
396 2351 592 2396 crinales
620 2349 777 2407 vittas,
802 2351 960 2411 capite
986 2349 1117 2410 orgia
1144 2366 1349 2398 mecum.

257 2417 423 2464 Talem
445 2417 564 2462 inter
588 2416 749 2474 silvaS,
772 2417 891 2463 inter
910 2417 1094 2464 deserta
1118 2415 1336 2474 ferarum,

194 2483 420 2546 Reginam
441 2483 633 2531 Allecto
654 2482 856 2531 stimulis
876 2484 977 2547 agit
995 2483 1203 2547 undique
1230 2482 1429 2532 Bacchi·
