1614 2694
96 79 151 123 16
420 88 470 122 P.
507 86 757 122 VIRGILII
800 87 1064 124 MARole

89 182 168 228 Tu
194 181 404 229 calamos
427 180 591 229 inflare
615 182 760 239 leves,
784 199 872 245 ego
897 182 1054 230 dicere
1073 199 1249 241 versus,

90 249 188 293 Hic
211 248 381 310 corylis
407 248 576 295 mixtas
603 249 725 295 inter
751 248 1055 296 consedimus
1084 250 1271 299 ulmos?

91 326 191 361 Mo.
231 314 310 360 Tu
332 314 511 377 major:
550 314 638 361 tibi
663 330 738 360 me
762 323 839 362 est
863 331 1053 378 aequum
1079 332 1261 378 parere,
1285 317 1393 364 Me-

222 380 390 432 nalca:

89 445 197 491 Sive
220 447 310 493 sub
328 447 528 493 incertas
556 447 782 509 Zephyris
808 447 1103 493 motantibus
1127 448 1336 504 umbras,

90 511 195 558 Sive
220 521 353 560 antro
377 512 539 577 potius
562 512 889 560 succedimus:
927 514 1104 574 aspice,
1134 523 1183 561 ut
1203 524 1392 561 antrum

90 578 327 625 Silvestris
353 580 465 626 raris
491 580 663 642 sparsit
688 579 905 625 labrusca
932 580 1144 626 racemis.

91 658 128 690 M
146 657 190 690 Ε.
219 647 470 693 Montibus
491 646 538 691 in
564 646 737 691 nostris
764 646 890 692 solus
926 646 1010 692 tibi
1036 654 1185 693 certet
1212 648 1393 709 Amyn·

222 719 310 758 tas.
1148 713 1322 773 [nendo
1340 713 1360 759 3

91 788 191 823 ΜΟ.
221 777 348 831 Quid
375 778 410 824 si
450 777 573 824 idem
600 786 755 825 certet,
792 778 1026 824 Phoebum
1052 794 1273 840 superare
1315 796 1393 826 ca-

89 855 187 889 ME.
215 844 401 907 Incipe,
425 846 615 907 Mopse,
641 845 800 908 prior:
839 845 874 890 si
911 861 1032 907 quos
1052 853 1134 891 aut
1159 845 1391 908 Phyllidis

217 910 362 971 ignes,
1332 919 1391 960 10

86 979 184 1024 Aut
209 977 403 1024 Alconis
430 977 577 1024 habes
601 978 782 1034 laudes,
809 986 889 1024 aut
907 977 1069 1040 jurgia
1095 977 1259 1025 Codri.

86 1043 250 1104 Incipe
271 1059 282 1089 ε
320 1053 572 1106 pascentes
597 1045 803 1091 servabit
826 1044 1023 1106 Tityrus
1050 1044 1232 1092 haedos.

84 1121 187 1155 Mo.
213 1111 367 1156 Immo
388 1110 509 1167 haec,
536 1112 581 1156 in
608 1110 748 1158 viridi
774 1127 924 1172 nuper
950 1127 1056 1173 quae
1084 1111 1265 1158 cortice
1292 1111 1386 1172 fagi

81 1175 304 1223 Carmina
346 1177 593 1241 descripsi,
636 1185 684 1224 et
724 1177 973 1223 modulans
999 1178 1180 1224 alterna
1207 1178 1386 1234 notavi,

81 1243 342 1305 Experiar:
379 1251 432 1289 tu
457 1243 628 1291 deinde
647 1243 821 1304 jubeto
848 1252 996 1290 certet
1020 1247 1267 1307 Amyntas.

83 1322 182 1356 ΜΕ.
203 1311 353 1357 Lenta
378 1310 493 1356 salix
518 1311 754 1373 quantum
776 1309 966 1370 pallenti
993 1310 1123 1357 cedit
1147 1312 1302 1366 olivae,

81 1375 297 1423 Puniceis
323 1376 514 1422 humilis
540 1376 770 1438 quantum
797 1376 1006 1422 saliunca
1031 1377 1230 1424 rosetis:

78 1442 273 1489 Judicio
297 1452 459 1489 nostro
486 1443 670 1489 tantum
697 1442 784 1488 tibi
807 1442 938 1489 cedit
960 1444 1216 1505 Amyntas.

80 1522 183 1556 MO.
210 1508 304 1556 Sed
316 1517 368 1556 tu
385 1508 546 1555 desine
559 1509 711 1571 plura,
733 1525 762 1569 p
766 1525 872 1563 uer;
894 1508 1213 1556 successimus
1228 1518 1383 1558 antro.

77 1575 355 1623 Extinctum
381 1576 621 1638 Nymphae
644 1573 826 1620 crudeli
851 1574 1016 1621 funere
1043 1576 1280 1637 Daphnim
1320 1584 1384 1625 20

78 1643 306 1690 Flebant:
333 1658 415 1688 vos
441 1642 587 1704 coryli
608 1649 772 1698 testeS,
792 1650 840 1688 et
865 1640 1076 1696 fiumina,
1104 1642 1346 1705 Nymphis
1368 1659 1380 1690 ε

78 1707 219 1765 Cum,
246 1709 497 1771 complexa
519 1709 588 1754 sui
613 1724 787 1771 corpus
812 1707 1078 1754 miserabile
1102 1708 1216 1762 nati,

75 1778 236 1838 Atque
262 1778 390 1822 Deos
416 1783 561 1837 atque
583 1784 706 1821 astra
731 1782 873 1821 vocat
895 1774 1104 1820 crudelia
1127 1783 1288 1821 mater.

76 1841 187 1887 Non
215 1842 297 1889 ulli
316 1849 480 1903 pastos
505 1841 592 1887 illis
617 1842 753 1903 egere
779 1840 949 1887 diebus
1169 1843 1379 1904 [amnem

76 1907 282 1970 Frigida,
309 1908 520 1971 Daphni,
557 1909 703 1954 boves
729 1907 790 1954 ad
826 1907 1045 1953 flumina:
1072 1908 1199 1954 nulla
1224 1924 1379 1969 neque

76 1974 267 2021 Libavit
293 1974 586 2037 quadrupes,
620 1990 707 2020 nec
733 1973 956 2035 graminis
980 1973 1136 2036 attigit
1164 1975 1376 2023 herbam.

76 2041 288 2102 Daphni,
315 2049 450 2088 tuum
474 2042 645 2088 Poenos
668 2039 809 2086 etiam
830 2040 1110 2101 ingemuisse
1136 2040 1297 2087 leones

75 2106 343 2163 interitum,
370 2115 653 2170 montesque
679 2105 764 2152 feri
789 2106 1017 2168 silvaeque
1041 2105 1320 2167 loquuntur.

73 2173 289 2234 Daphnis
312 2181 359 2219 et
382 2174 628 2221 Armenias
654 2188 793 2219 curru
820 2172 1109 2234 subjungere
1135 2174 1276 2233 tigres

74 2240 312 2287 Instituit:
350 2239 570 2304 Daphnis
597 2239 773 2286 thiasos
799 2238 1239 2300 inducere-Bacchi,
1311 2245 1374 2286 30

72 2306 133 2351 Et
156 2304 278 2353 foliis
303 2306 455 2353 lentas
474 2305 683 2353 intexere
704 2305 925 2352 mollibus
952 2305 1126 2351 hastas.

73 2370 190 2418 Vitis
215 2380 267 2418 ut
289 2371 539 2419 arboribus
564 2371 728 2418 decori
763 2380 850 2426 est,
879 2378 931 2418 ut
956 2369 1129 2416 vitibus
1151 2386 1273 2425 uvae,

71 2438 137 2484 Ut
159 2437 380 2500 gregibus
401 2438 537 2493 tauri,
560 2446 745 2500 segetes
772 2446 820 2484 ut
847 2437 1105 2500 pinguibus
1129 2436 1280 2491 arvis;

74 2501 148 2550 Tu
171 2505 323 2552 decus
342 2521 482 2551 omne
505 2503 598 2551 tuis
619 2521 631 2552 ς
670 2513 925 2565 postquam
951 2510 998 2549 te
1022 2501 1122 2550 fata
1145 2502 1373 2562 tulerunt,
