1607 2700
162 135 250 175 138
491 141 538 174 Ρ.
580 141 826 175 VlRGILIl
859 139 1123 177 MARole

155 259 400 322 Religione
426 268 614 323 patrum
641 261 816 309 multos
841 269 1025 309 servata
1050 279 1133 324 per
1157 278 1319 310 annos.

153 326 295 373 Hanc
320 344 378 373 ex
398 328 586 375 diverso
613 329 772 376 sedem
797 329 1036 376 veniemus
1062 329 1109 374 in
1136 344 1295 378 unam.

151 394 246 451 Tu,
268 396 468 459 genitor,
491 414 613 460 cape
630 414 762 444 sacra
779 414 937 453 manu,
961 398 1232 462 patriosque
1253 398 1471 446 Penates·

149 463 252 519 Me,
283 463 404 510 bello
429 482 454 510 e
480 473 615 510 tauto
641 464 902 526 digressum
929 472 977 510 et
1001 464 1135 512 caede
1160 465 1357 521 recenti,

149 531 424 576 Attrectare
450 530 604 585 nefas;
644 529 800 577 donec
826 547 899 576 me
925 529 1118 578 flumine
1144 531 1253 578 vivo

148 595 382 643 Abluero.
1377 605 1474 653 720

217 663 336 708 Haec
356 662 499 721 fatuS,
524 661 644 709 latos
665 662 884 709 humeros
909 662 1225 726 subjectaque
1251 664 1373 711 colla

147 728 292 774 Veste
317 744 473 790 super,
495 728 709 790 fulvique
734 729 970 776 insternor
994 730 1116 791 pelle
1143 731 1305 787 leonis,

147 794 468 857 Succedoque
488 796 647 842 oneri:
685 795 866 843 dextrae
892 814 941 844 se
966 812 1141 859 parvus
1167 797 1296 843 Iulus

145 861 405 924 Implicuit,
421 862 730 925 sequiturque
747 872 932 925 patrem
949 879 1042 910 non
1058 863 1282 926 passibus
1304 864 1470 926 aequis.

144 928 277 975 Pone
303 928 431 975 subit
451 929 646 988 conjux.
720 931 932 977 Ferimur
950 946 1037 992 per
1057 946 1210 992 opaca
1231 931 1470 977 locorum:

145 996 208 1041 Et
233 1012 323 1052 me,
353 1012 495 1058 quem
527 996 706 1043 dudum
733 1012 826 1043 non
857 998 949 1044 ulla
973 997 1152 1059 injecta
1179 999 1440 1044 movebant

143 1061 280 1121 Tela,
303 1078 458 1124 neque
483 1062 681 1110 adverso
706 1064 952 1125 glomerati
978 1081 1034 1110 ex
1061 1065 1242 1126 agmine
1269 1065 1422 1121 Graii,

144 1128 288 1175 Nunc
315 1145 477 1176 omnes
505 1138 682 1177 terrent
707 1146 852 1187 aurae,
891 1147 1034 1177 sonus
1059 1133 1236 1177 excitat
1262 1131 1415 1178 omnis

143 1195 456 1257 Suspensum,
492 1205 540 1242 et
563 1197 739 1258 pariter
763 1198 1025 1261 comitique
1050 1198 1276 1260 onerique
1303 1198 1471 1246 timen-

275 1272 388 1308 tem.
1369 1261 1475 1323 [bar

206 1329 411 1391 Jamque
429 1329 813 1391 propinquabam
839 1330 1003 1392 portis,
1031 1347 1319 1392 omnemque
1336 1332 1468 1379 vide·

141 1396 365 1443 Evasisse
392 1396 546 1450 viam;
584 1397 741 1444 subito
768 1397 875 1444 cum
904 1398 1069 1444 creber
1092 1399 1150 1444 ad
1179 1413 1314 1444 aures
1372 1406 1463 1453 731

144 1463 282 1509 Visus
308 1463 472 1510 adesse
498 1463 674 1524 pedum
703 1465 885 1512 sonitus
909 1480 919 1511 :
959 1464 1243 1528 genitorque
1264 1481 1349 1528 per
1369 1482 1468 1512 um-

274 1530 404 1577 bram
1178 1531 1433 1594 [pinquant
1454 1549 1466 1580 ι

138 1596 472 1659 Prospiciens:
510 1600 655 1654 Nate,
695 1597 946 1654 exclamat,
990 1596 1116 1660 fuge,
1161 1607 1270 1644 nate
1291 1617 1303 1654 ;
1361 1615 1468 1661 pro-

138 1663 375 1712 Ardentes
396 1666 591 1730 clypeos
606 1674 750 1727 atque
777 1680 872 1711 aera
897 1664 1120 1711 micantia
1145 1680 1306 1711 cerno.
1336 1667 1466 1728 [cum

208 1732 302 1778 Hic
324 1733 439 1779 mihi
466 1732 624 1780 nescio
651 1731 783 1793 quod
810 1731 1000 1794 trepido
1022 1732 1143 1779 male
1164 1748 1337 1778 numen
1353 1734 1466 1779 ami-

139 1798 402 1845 Confusam
430 1800 603 1862 eripuit
628 1808 855 1846 mentem.
917 1799 1137 1861 Namque
1159 1799 1261 1844 avia
1287 1815 1430 1846 cursu

138 1866 265 1911 Dum
292 1883 480 1927 sequor,
503 1876 549 1913 et
570 1866 686 1912 nota
710 1865 893 1913 excedo
918 1866 1112 1929 regione
1136 1865 1331 1922 viarum,

143 1933 278 1979 Heu!
320 1933 490 1980 misero
515 1932 696 1994 conjux
717 1932 879 1980 fatone
898 1942 1062 1997 erepta
1087 1934 1268 1979 Creusa

139 1999 383 2056 Substitit,
410 2001 644 2048 erravitne
670 2000 763 2058 via,
791 2017 874 2047 seu
900 2001 1024 2047 lassa
1043 1999 1232 2052 resedit,

138 2066 400 2113 Incertum:
426 2067 513 2114 nec
540 2067 653 2130 post
677 2069 832 2115 oculis
857 2078 926 2114 est
945 2066 1130 2114 reddita
1150 2065 1339 2112 nostris.
1369 2072 1460 2120 740

138 2134 246 2179 Nec
271 2135 405 2197 prius
431 2135 657 2181 amissam
684 2135 885 2197 respexi,
921 2134 1228 2196 animumque
1253 2132 1411 2179 reflexi
1436 2150 1447 2187 ;

139 2199 299 2255 Quam
318 2203 555 2248 tumulum
576 2202 784 2264 antiquae
806 2201 1279 2262 CereriS,sedemque
1306 2216 1462 2249 sacra·

140 2268 400 2314 Venimus:
431 2268 507 2314 hic
529 2268 722 2315 demum
737 2269 951 2316 collectis
969 2267 1189 2314 omnibus
1212 2283 1302 2313 una
1344 2270 1458 2331 [tarn

139 2333 322 2389 Defuit,
350 2342 399 2380 et
423 2336 625 2382 comites
651 2346 910 2399 natumque
936 2335 1179 2397 virumque
1207 2333 1393 2382 fefellit.

140 2402 295 2456 Quem
323 2417 416 2447 non
442 2401 660 2448 incusavi
684 2419 847 2450 amens
866 2403 1208 2465 bominumque
1225 2402 1462 2450 Deorum-

138 2470 235 2516 Aut
260 2467 379 2530 quid
405 2468 452 2514 in
477 2469 641 2515 eversa
667 2469 766 2516 vidi
791 2470 1027 2517 crudelius
1054 2469 1206 2516 urbe?
1309 2470 1461 2531 [quel

139 2531 416 2591 Ascanium,
442 2536 796 2598 Anchisemque
821 2546 1018 2601 patrem,
1041 2537 1356 2597 Teucrosque
1378 2537 1461 2600 Pe·-

141 2602 437 2650 Commeudo
462 2602 622 2660 sociis,
649 2612 697 2651 et
721 2605 867 2651 curva
893 2604 1012 2651 valle
1037 2604 1266 2652 recondo.
1305 2603 1456 2665 [nates
