1607 2700
549 82 811 118 AENEIDOS
851 82 959 115 LlB.
1000 82 1077 116 lx.
1375 78 1455 116 285

168 204 262 252 Iste
287 203 435 260 dolor,
457 203 664 264 solisque
689 202 804 248 licet
827 217 993 263 capere
1019 219 1145 250 arma
1175 203 1395 264 MJcenis.

167 270 258 317 Sed
287 270 478 331 periisse
502 268 646 315 semel
671 267 784 314 satis
809 277 904 318 est:
930 283 1129 329 peccare
1150 268 1313 314 fuisset
1373 277 1463 317 140

161 337 288 383 Ante
314 335 444 391 satis,
472 335 658 397 penitus
680 333 823 381 modo
836 350 930 380 non
945 349 1090 395 genus
1106 349 1243 378 omne
1265 348 1460 394 perosos

165 401 468 449 Foemineuin.
539 401 726 455 Quibus
748 403 848 447 haec
877 401 1017 446 medii
1035 398 1207 446 fiduc1a
1233 403 1360 454 valli,

162 469 511 530 Fossatumque
527 483 685 522 nior-ce,
712 467 792 514 leti
807 466 1082 514 discrimina
1105 483 1262 528 parva,

160 534 290 579 Dant
314 533 509 580 animos.
580 539 641 580 At
666 550 760 580 non
787 533 1004 581 viderunt
1026 533 1196 580 moenia
1223 534 1404 595 Trojae,

159 600 372 660 Neptuni
396 599 633 647 fabricata
659 618 797 647 manu
825 600 1065 647 considere
1092 599 1136 646 in
1163 601 1294 659 ignes
1316 603 1328 648 ἔ

159 665 250 712 Sed
277 682 379 723 vos,
406 684 433 712 0
460 667 597 715 lecti!
649 670 769 716 ferro
795 668 897 730 quis
921 666 1136 714 scindere
1157 668 1327 715 vallum

155 733 387 794 Apparat,
414 743 460 781 et
487 751 672 781 mecum
693 734 873 780 invadit
896 732 1179 795 trepidantia
1202 736 1394 781 castra?

156 797 267 844 Non
294 801 436 845 armis
463 801 578 847 mihi
599 801 822 857 Vulcani,
850 816 944 846 non
971 800 1094 846 rnille
1120 800 1290 846 carinis

156 864 239 912 Est
265 882 387 927 opus
414 866 461 911 in
485 867 706 914 Teucros
729 884 738 913 :
765 867 945 913 addant
969 883 1020 913 se
1045 874 1271 929 protenus
1297 884 1457 914 omnes

155 931 346 978 Etrusci
372 934 555 988 socios;
598 934 815 979 tenebras
842 943 889 979 et
914 933 1076 979 inertia
1102 931 1229 980 furta.
1371 943 1459 982 lou

154 997 372 1055 Palladii,
400 1000 538 1046 caesis
566 1016 762 1045 summae
787 1000 1065 1046 custodibus
1091 999 1228 1055 arcis,

154 1064 230 1111 Ne
250 1065 471 1120 timeant;
510 1082 598 1113 nec
624 1066 734 1127 equi
760 1067 888 1112 caeca
915 1066 1177 1112 condemur
1195 1066 1240 1111 in
1267 1067 1387 1112 alvo.

153 1130 285 1177 Luce
310 1132 463 1193 palam
491 1141 671 1179 certum
697 1142 765 1179 est
786 1133 881 1195 igni
907 1131 1205 1179 circumdare
1232 1150 1401 1179 muros.

153 1197 296 1243 Haud
324 1198 415 1244 sibi
440 1215 549 1245 cum
576 1199 753 1246 Danais
779 1216 877 1247 rem
904 1199 1012 1245 faxo
1038 1207 1084 1246 et
1110 1199 1238 1260 pube
1264 1200 1459 1260 Pelasga

153 1263 269 1310 Esse
295 1273 480 1326 putent,
504 1266 738 1312 decimum
765 1283 882 1328 quos
909 1266 1094 1313 distulit
1109 1266 1291 1312 Hector
1311 1267 1354 1312 in
1376 1283 1457 1312 an-

153 1329 295 1377 Nunc
321 1332 463 1389 adeo,
488 1331 654 1379 melior
679 1334 900 1393 quoniam
917 1350 1023 1393 pars
1049 1339 1155 1379 acta
1175 1333 1282 1388 diei,
1306 1334 1456 1395 [num.

153 1396 298 1450 Quod
325 1407 559 1460 superest,
587 1398 681 1444 laeti
710 1399 826 1445 bene
855 1400 997 1461 gestis
1025 1415 1224 1460 corpora
1251 1401 1390 1445 rebus

152 1463 426 1520 Procurate‚
453 1465 535 1510 viri
557 1482 566 1519 ;
595 1474 643 1512 ct
667 1481 873 1527 pugnam
901 1474 1086 1527 sperate
1111 1466 1280 1526 parati.

217 1532 405 1578 Interea
431 1531 622 1587 vigilum
649 1532 865 1578 excubiis
890 1532 1108 1579 obsidere
1130 1543 1291 1594 portas

152 1597 280 1643 Cura
304 1597 443 1644 datur
468 1600 712 1659 Messapo,
762 1607 810 1645 et
836 1599 1006 1645 moenia
1030 1600 1213 1660 cingere
1239 1599 1456 1646 flammis.

151 1664 232 1709 Bis
258 1672 457 1725 septem,
484 1664 665 1710 Rutulo
685 1681 841 1711 muros
860 1667 940 1726 qui
967 1665 1111 1712 milite
1137 1676 1342 1721 servent,
1366 1667 1451 1714 161

150 1730 365 1777 Delecti:
392 1740 462 1777 ast
486 1731 592 1777 illos
618 1732 804 1779 centeni
831 1748 1068 1794 quemque
1093 1744 1365 1794 sequuntur,

151 1796 389 1860 Purpurei
414 1798 565 1843 cristis
584 1798 785 1859 juvenes
811 1814 1023 1860 auroque
1049 1801 1248 1845 corusci.

149 1865 452 1923 Discurrunt,
481 1864 753 1926 variantque
773 1865 917 1920 vices,
943 1864 1132 1926 fusique
1158 1881 1243 1927 per
1264 1865 1453 1912 herbam

150 1932 406 1992 Indulgent
428 1932 553 1987 vino,
582 1941 628 1977 et
654 1940 841 1977 vertunt
867 1941 1071 1978 crateras
1098 1933 1294 1977 ahenos.

153 1999 407 2045 collucent
426 1998 555 2058 ignes
584 2014 594 2045 :
636 2007 822 2045 noctem
849 1998 1076 2045 custodia
1096 1999 1227 2045 ducit

150 2064 424 2111 Insomnem
451 2065 580 2110 ludo.

220 2131 338 2177 Haec
363 2147 506 2193 super
529 2148 553 2177 e
580 2131 701 2176 vallo
729 2139 1039 2193 prospectant
1063 2132 1228 2186 Troes,
1254 2141 1300 2178 et
1319 2132 1455 2178 armis

154 2197 266 2245 Alta
284 2205 475 2244 tenent:
502 2213 685 2243 necnon
711 2198 886 2259 trepidi
911 2197 1159 2244 formidine
1182 2209 1347 2261 portas
1367 2198 1454 2254 169

151 2264 432 2324 Explorant,
465 2273 732 2327 pontesque
759 2274 802 2309 et
838 2265 1200 2330 propugnacula
1219 2267 1454 2327 jungu1113

150 2330 274 2377 Tela
297 2341 485 2392 gerunt.
503 2332 687 2377 Instant
700 2332 977 2377 Mnestheus
989 2348 1194 2394 acerque
1213 2333 1454 2384 Serestus3

154 2398 289 2450 Quos
315 2406 448 2459 pater
472 2399 657 2455 AEneas,
703 2397 737 2442 si
776 2398 967 2459 quaudo
993 2399 1190 2445 adversa
1215 2407 1453 2452 vocarent,

153 2463 385 2511 Rectores
403 2463 630 2526 juvenum
657 2472 704 2511 et
729 2480 880 2510 rerum
907 2465 1040 2512 dedit
1063 2482 1164 2512 esse
1190 2465 1453 2526 magistros.
