<?xml version="1.0" encoding="UTF-8"?>
<!DOCTYPE html PUBLIC "-//W3C//DTD XHTML 1.0 Transitional//EN"
    "http://www.w3.org/TR/xhtml1/DTD/xhtml1-transitional.dtd">
<html xmlns="http://www.w3.org/1999/xhtml" xml:lang="en" lang="en">
 <head>
  <title>
</title>
<meta http-equiv="Content-Type" content="text/html;charset=utf-8" />
  <meta name='ocr-system' content='tesseract 3.04.00' />
  <meta name='ocr-capabilities' content='ocr_page ocr_carea ocr_par ocr_line ocrx_word'/>
</head>
<body>
  <div class='ocr_page' id='page_1' title='image "./operaadfidemopti00virguoft/operaadfidemopti00virguoft_0377.png"; bbox 0 0 1586 2704; ppageno 0'>
   <div class='ocr_carea' id='block_1_1' title="bbox 453 56 1457 112">
    <p class='ocr_par' dir='ltr' id='par_1_1' title="bbox 453 56 1457 112">
     <span class='ocr_line' id='line_1_1' title="bbox 453 56 1457 112; baseline -0.002 -11"><span class='ocrx_word' id='word_1_1' title='bbox 453 71 468 84; x_wconf 92' lang='lat'><strong>·</strong></span> <span class='ocrx_word' id='word_1_2' title='bbox 526 66 789 101; x_wconf 71' lang='lat' dir='ltr'><strong>AENEmos</strong></span> <span class='ocrx_word' id='word_1_3' title='bbox 830 64 940 100; x_wconf 76' lang='lat' dir='ltr'><strong>Lm.</strong></span> <span class='ocrx_word' id='word_1_4' title='bbox 978 64 1084 99; x_wconf 81' lang='lat' dir='ltr'><strong>xii.</strong></span> <span class='ocrx_word' id='word_1_5' title='bbox 1354 56 1457 112; x_wconf 76' lang='lat'><strong>3732</strong></span> 
     </span>
    </p>
   </div>
   <div class='ocr_carea' id='block_1_2' title="bbox 144 178 1450 246">
    <p class='ocr_par' dir='ltr' id='par_1_2' title="bbox 144 178 1450 246">
     <span class='ocr_line' id='line_1_2' title="bbox 144 178 1450 246; baseline -0.006 -14"><span class='ocrx_word' id='word_1_6' title='bbox 144 183 502 246; x_wconf 84' lang='lat' dir='ltr'><strong>Agglomerant.</strong></span> <span class='ocrx_word' id='word_1_7' title='bbox 541 181 665 229; x_wconf 85' lang='lat' dir='ltr'>Ferit</span> <span class='ocrx_word' id='word_1_8' title='bbox 683 198 795 229; x_wconf 89' lang='lat' dir='ltr'><strong>ense</strong></span> <span class='ocrx_word' id='word_1_9' title='bbox 819 198 1010 245; x_wconf 84' lang='lat' dir='ltr'><strong>gravem</strong></span> <span class='ocrx_word' id='word_1_10' title='bbox 1036 178 1357 243; x_wconf 78' lang='lat' dir='ltr'><strong>Tliymbraeus</strong></span> <span class='ocrx_word' id='word_1_11' title='bbox 1383 179 1450 225; x_wconf 88' lang='lat' dir='ltr'><strong>O-</strong></span> 
     </span>
    </p>
   </div>
   <div class='ocr_carea' id='block_1_3' title="bbox 145 266 1449 436">
    <p class='ocr_par' dir='ltr' id='par_1_3' title="bbox 145 266 1449 436">
     <span class='ocr_line' id='line_1_3' title="bbox 277 266 398 296; baseline -0.008 0"><span class='ocrx_word' id='word_1_12' title='bbox 277 266 398 296; x_wconf 87' lang='lat' dir='ltr'><strong>sirim</strong></span> 
     </span>
     <span class='ocr_line' id='line_1_4' title="bbox 145 285 1449 379; baseline -0.005 -16"><span class='ocrx_word' id='word_1_13' title='bbox 145 285 420 363; x_wconf 80' lang='lat' dir='ltr'><strong>Archetiuni</strong></span> <span class='ocrx_word' id='word_1_14' title='bbox 432 315 731 372; x_wconf 80' lang='lat' dir='ltr'><strong>Mnestheus,</strong></span> <span class='ocrx_word' id='word_1_15' title='bbox 744 316 1009 379; x_wconf 85' lang='lat' dir='ltr'><strong>Epulonem</strong></span> <span class='ocrx_word' id='word_1_16' title='bbox 1022 312 1449 360; x_wconf 83' lang='lat' dir='ltr'><strong>obtruncatAcha-</strong></span> 
     </span>
     <span class='ocr_line' id='line_1_5' title="bbox 275 384 1447 436; baseline 0.005 -8"><span class='ocrx_word' id='word_1_17' title='bbox 275 390 360 436; x_wconf 85' lang='lat' dir='ltr'><strong>tes,</strong></span> <span class='ocrx_word' id='word_1_18' title='bbox 1349 384 1447 434; x_wconf 82' lang='grc'><strong>459</strong></span> 
     </span>
    </p>
   </div>
   <div class='ocr_carea' id='block_1_4' title="bbox 118 445 1446 2583">
    <p class='ocr_par' dir='ltr' id='par_1_4' title="bbox 118 445 1446 2583">
     <span class='ocr_line' id='line_1_6' title="bbox 147 445 1445 511; baseline -0.002 -17"><span class='ocrx_word' id='word_1_19' title='bbox 147 447 465 510; x_wconf 80' lang='lat' dir='ltr'><strong>Ufentemque</strong></span> <span class='ocrx_word' id='word_1_20' title='bbox 491 449 643 511; x_wconf 67' lang='lat' dir='ltr'><strong>Gyas.</strong></span> <span class='ocrx_word' id='word_1_21' title='bbox 681 449 826 496; x_wconf 84' lang='lat' dir='ltr'><strong>Cadit</strong></span> <span class='ocrx_word' id='word_1_22' title='bbox 849 448 946 511; x_wconf 88' lang='lat' dir='ltr'><strong>ipse</strong></span> <span class='ocrx_word' id='word_1_23' title='bbox 970 445 1254 492; x_wconf 86' lang='lat' dir='ltr'>Tolumnius</span> <span class='ocrx_word' id='word_1_24' title='bbox 1279 462 1445 508; x_wconf 76' lang='lat' dir='ltr'><strong>augur,</strong></span> 
     </span>
     <span class='ocr_line' id='line_1_7' title="bbox 143 513 1347 578; baseline -0.001 -19"><span class='ocrx_word' id='word_1_25' title='bbox 143 514 329 561; x_wconf 86' lang='lat' dir='ltr'>Primus</span> <span class='ocrx_word' id='word_1_26' title='bbox 347 515 393 560; x_wconf 90' lang='lat' dir='ltr'><strong>in</strong></span> <span class='ocrx_word' id='word_1_27' title='bbox 419 515 646 561; x_wconf 84' lang='lat' dir='ltr'><strong>adversos</strong></span> <span class='ocrx_word' id='word_1_28' title='bbox 673 517 819 562; x_wconf 85' lang='lat' dir='ltr'><strong>telum</strong></span> <span class='ocrx_word' id='word_1_29' title='bbox 848 516 928 578; x_wconf 88' lang='lat' dir='ltr'><strong>qui</strong></span> <span class='ocrx_word' id='word_1_30' title='bbox 954 520 1152 561; x_wconf 79' lang='lat' dir='ltr'><strong>torserat</strong></span> <span class='ocrx_word' id='word_1_31' title='bbox 1170 513 1347 558; x_wconf 82' lang='lat' dir='ltr'><strong>hostes.</strong></span> 
     </span>
     <span class='ocr_line' id='line_1_8' title="bbox 141 578 1326 643; baseline -0.003 -17"><span class='ocrx_word' id='word_1_32' title='bbox 141 580 349 628; x_wconf 84' lang='lat' dir='ltr'><strong>Tollitur</strong></span> <span class='ocrx_word' id='word_1_33' title='bbox 366 581 413 627; x_wconf 89' lang='lat' dir='ltr'><strong>in</strong></span> <span class='ocrx_word' id='word_1_34' title='bbox 438 582 611 628; x_wconf 82' lang='lat' dir='ltr'><strong>coelum</strong></span> <span class='ocrx_word' id='word_1_35' title='bbox 633 583 842 637; x_wconf 88' lang='lat' dir='ltr'><strong>clamor;</strong></span> <span class='ocrx_word' id='word_1_36' title='bbox 884 582 1098 643; x_wconf 82' lang='lat' dir='ltr'><strong>versique</strong></span> <span class='ocrx_word' id='word_1_37' title='bbox 1126 578 1326 625; x_wconf 84' lang='lat' dir='ltr'><strong>vicissim</strong></span> 
     </span>
     <span class='ocr_line' id='line_1_9' title="bbox 145 648 1378 710; baseline -0.004 -15"><span class='ocrx_word' id='word_1_38' title='bbox 145 648 475 695; x_wconf 82' lang='lat' dir='ltr'><strong>Pulverulenta</strong></span> <span class='ocrx_word' id='word_1_39' title='bbox 500 648 613 710; x_wconf 66' lang='lat' dir='ltr'><strong>fuga</strong></span> <span class='ocrx_word' id='word_1_40' title='bbox 637 649 804 695; x_wconf 84' lang='lat' dir='ltr'><strong>Rutuli</strong></span> <span class='ocrx_word' id='word_1_41' title='bbox 829 650 945 695; x_wconf 70' lang='lat' dir='ltr'><strong>(lant</strong></span> <span class='ocrx_word' id='word_1_42' title='bbox 970 659 1102 709; x_wconf 83' lang='lat' dir='ltr'><strong>terga</strong></span> <span class='ocrx_word' id='word_1_43' title='bbox 1120 662 1205 708; x_wconf 84' lang='lat' dir='ltr'><strong>per</strong></span> <span class='ocrx_word' id='word_1_44' title='bbox 1227 661 1378 708; x_wconf 59' lang='lat' dir='ltr'><strong>agros„</strong></span> 
     </span>
     <span class='ocr_line' id='line_1_10' title="bbox 139 713 1314 778; baseline -0.001 -18"><span class='ocrx_word' id='word_1_45' title='bbox 139 713 247 775; x_wconf 82' lang='lat' dir='ltr'><strong>Ipse</strong></span> <span class='ocrx_word' id='word_1_46' title='bbox 273 730 427 777; x_wconf 88' lang='lat' dir='ltr'><strong>neque</strong></span> <span class='ocrx_word' id='word_1_47' title='bbox 452 731 639 762; x_wconf 87' lang='lat' dir='ltr'><strong>aversos</strong></span> <span class='ocrx_word' id='word_1_48' title='bbox 664 716 886 778; x_wconf 79' lang='lat' dir='ltr'><strong>dignatur</strong></span> <span class='ocrx_word' id='word_1_49' title='bbox 911 724 1118 762; x_wconf 86' lang='lat' dir='ltr'><strong>sternere</strong></span> <span class='ocrx_word' id='word_1_50' title='bbox 1142 715 1281 760; x_wconf 89' lang='lat' dir='ltr'><strong>morti</strong></span> <span class='ocrx_word' id='word_1_51' title='bbox 1302 730 1314 767; x_wconf 90' lang='lat'>;</span> 
     </span>
     <span class='ocr_line' id='line_1_11' title="bbox 140 779 1345 844; baseline 0.001 -17"><span class='ocrx_word' id='word_1_52' title='bbox 140 781 246 828; x_wconf 83' lang='lat' dir='ltr'><strong>Nec</strong></span> <span class='ocrx_word' id='word_1_53' title='bbox 272 785 392 843; x_wconf 86' lang='lat' dir='ltr'><strong>pede</strong></span> <span class='ocrx_word' id='word_1_54' title='bbox 417 798 696 844; x_wconf 85' lang='lat' dir='ltr'><strong>congressos</strong></span> <span class='ocrx_word' id='word_1_55' title='bbox 721 795 879 844; x_wconf 83' lang='lat' dir='ltr'><strong>aequo,</strong></span> <span class='ocrx_word' id='word_1_56' title='bbox 913 798 998 828; x_wconf 85' lang='lat' dir='ltr'><strong>nec</strong></span> <span class='ocrx_word' id='word_1_57' title='bbox 1024 781 1119 828; x_wconf 86' lang='lat' dir='ltr'><strong>tela</strong></span> <span class='ocrx_word' id='word_1_58' title='bbox 1143 779 1345 828; x_wconf 82' lang='lat' dir='ltr'><strong>ferentes</strong></span> 
     </span>
     <span class='ocr_line' id='line_1_12' title="bbox 141 848 1344 910; baseline 0.001 -17"><span class='ocrx_word' id='word_1_59' title='bbox 141 848 441 910; x_wconf 80' lang='lat' dir='ltr'><strong>Insequitur:</strong></span> <span class='ocrx_word' id='word_1_60' title='bbox 478 850 632 895; x_wconf 89' lang='lat' dir='ltr'><strong>solum</strong></span> <span class='ocrx_word' id='word_1_61' title='bbox 658 848 807 895; x_wconf 63' lang='lat' dir='ltr'><strong>densa</strong></span> <span class='ocrx_word' id='word_1_62' title='bbox 833 849 878 895; x_wconf 87' lang='lat' dir='ltr'><strong>in</strong></span> <span class='ocrx_word' id='word_1_63' title='bbox 905 849 1105 909; x_wconf 80' lang='lat' dir='ltr'><strong>caligine</strong></span> <span class='ocrx_word' id='word_1_64' title='bbox 1129 848 1344 894; x_wconf 87' lang='lat' dir='ltr'><strong>Turnum</strong></span> 
     </span>
     <span class='ocr_line' id='line_1_13' title="bbox 140 915 1333 977; baseline 0.001 -17"><span class='ocrx_word' id='word_1_65' title='bbox 140 915 355 977; x_wconf 86' lang='lat' dir='ltr'><strong>Vestigat</strong></span> <span class='ocrx_word' id='word_1_66' title='bbox 380 916 599 971; x_wconf 80' lang='lat' dir='ltr'><strong>lustrans,</strong></span> <span class='ocrx_word' id='word_1_67' title='bbox 626 916 782 962; x_wconf 89' lang='lat' dir='ltr'><strong>solum</strong></span> <span class='ocrx_word' id='word_1_68' title='bbox 808 916 854 961; x_wconf 92' lang='lat' dir='ltr'><strong>in</strong></span> <span class='ocrx_word' id='word_1_69' title='bbox 880 916 1136 962; x_wconf 85' lang='lat' dir='ltr'><strong>certamina</strong></span> <span class='ocrx_word' id='word_1_70' title='bbox 1163 915 1333 975; x_wconf 83' lang='lat' dir='ltr'><strong>poscit.</strong></span> 
     </span>
     <span class='ocr_line' id='line_1_14' title="bbox 209 980 1396 1045; baseline 0 -17"><span class='ocrx_word' id='word_1_71' title='bbox 209 983 318 1028; x_wconf 88' lang='lat' dir='ltr'><strong>Hoc-</strong></span> <span class='ocrx_word' id='word_1_72' title='bbox 343 998 578 1028; x_wconf 87' lang='lat' dir='ltr'><strong>concussa</strong></span> <span class='ocrx_word' id='word_1_73' title='bbox 603 990 732 1029; x_wconf 88' lang='lat' dir='ltr'><strong>metu</strong></span> <span class='ocrx_word' id='word_1_74' title='bbox 759 992 964 1029; x_wconf 84' lang='lat' dir='ltr'><strong>mentem</strong></span> <span class='ocrx_word' id='word_1_75' title='bbox 991 983 1192 1029; x_wconf 87' lang='lat' dir='ltr'><strong>Jnturna</strong></span> <span class='ocrx_word' id='word_1_76' title='bbox 1218 980 1396 1045; x_wconf 78' lang='lat' dir='ltr'><strong>virago,</strong></span> 
     </span>
     <span class='ocr_line' id='line_1_15' title="bbox 139 1048 1281 1110; baseline -0.001 -16"><span class='ocrx_word' id='word_1_77' title='bbox 139 1048 369 1110; x_wconf 83' lang='lat' dir='ltr'><strong>Aurigam</strong></span> <span class='ocrx_word' id='word_1_78' title='bbox 393 1049 548 1095; x_wconf 89' lang='lat' dir='ltr'><strong>Turni</strong></span> <span class='ocrx_word' id='word_1_79' title='bbox 574 1048 733 1096; x_wconf 89' lang='lat' dir='ltr'><strong>media</strong></span> <span class='ocrx_word' id='word_1_80' title='bbox 758 1049 877 1095; x_wconf 88' lang='lat' dir='ltr'><strong>inter</strong></span> <span class='ocrx_word' id='word_1_81' title='bbox 901 1049 1000 1094; x_wconf 85' lang='lat' dir='ltr'><strong>lora</strong></span> <span class='ocrx_word' id='word_1_82' title='bbox 1024 1048 1281 1094; x_wconf 87' lang='lat' dir='ltr'><strong>Metiscum</strong></span> 
     </span>
     <span class='ocr_line' id='line_1_16' title="bbox 140 1115 1445 1177; baseline 0 -17"><span class='ocrx_word' id='word_1_83' title='bbox 140 1115 352 1170; x_wconf 83' lang='lat' dir='ltr'><strong>Excutit,</strong></span> <span class='ocrx_word' id='word_1_84' title='bbox 378 1124 427 1162; x_wconf 91' lang='lat' dir='ltr'><strong>et</strong></span> <span class='ocrx_word' id='word_1_85' title='bbox 450 1116 587 1175; x_wconf 76' lang='lat' dir='ltr'><strong>longe</strong></span> <span class='ocrx_word' id='word_1_86' title='bbox 614 1116 797 1177; x_wconf 82' lang='lat' dir='ltr'><strong>lapsum</strong></span> <span class='ocrx_word' id='word_1_87' title='bbox 828 1126 1015 1162; x_wconf 87' lang='lat' dir='ltr'><strong>temone</strong></span> <span class='ocrx_word' id='word_1_88' title='bbox 1040 1115 1295 1176; x_wconf 81' lang='lat' dir='ltr'><strong>relinquit:</strong></span> <span class='ocrx_word' id='word_1_89' title='bbox 1347 1121 1445 1169; x_wconf 82' lang='lat'><strong>470</strong></span> 
     </span>
     <span class='ocr_line' id='line_1_17' title="bbox 138 1181 1444 1245; baseline 0 -17"><span class='ocrx_word' id='word_1_90' title='bbox 138 1182 250 1243; x_wconf 84' lang='lat' dir='ltr'><strong>Ipsa</strong></span> <span class='ocrx_word' id='word_1_91' title='bbox 274 1181 418 1237; x_wconf 89' lang='lat' dir='ltr'><strong>subit,</strong></span> <span class='ocrx_word' id='word_1_92' title='bbox 446 1183 761 1245; x_wconf 87' lang='lat' dir='ltr'><strong>manibusque</strong></span> <span class='ocrx_word' id='word_1_93' title='bbox 788 1183 1019 1229; x_wconf 81' lang='lat' dir='ltr'><strong>undantes</strong></span> <span class='ocrx_word' id='word_1_94' title='bbox 1044 1181 1194 1228; x_wconf 85' lang='lat' dir='ltr'><strong>flectit</strong></span> <span class='ocrx_word' id='word_1_95' title='bbox 1216 1182 1444 1238; x_wconf 72' lang='lat' dir='ltr'><strong>habenas,</strong></span> 
     </span>
     <span class='ocr_line' id='line_1_18' title="bbox 139 1249 1446 1312; baseline 0 -17"><span class='ocrx_word' id='word_1_96' title='bbox 139 1249 329 1295; x_wconf 87' lang='lat' dir='ltr'><strong>Cuncta</strong></span> <span class='ocrx_word' id='word_1_97' title='bbox 352 1265 534 1309; x_wconf 81' lang='lat' dir='ltr'><strong>gerens,</strong></span> <span class='ocrx_word' id='word_1_98' title='bbox 558 1265 821 1312; x_wconf 89' lang='lat' dir='ltr'><strong>vocemque</strong></span> <span class='ocrx_word' id='word_1_99' title='bbox 842 1258 890 1297; x_wconf 89' lang='lat' dir='ltr'><strong>et</strong></span> <span class='ocrx_word' id='word_1_100' title='bbox 909 1265 1105 1311; x_wconf 87' lang='lat' dir='ltr'><strong>corpuS,</strong></span> <span class='ocrx_word' id='word_1_101' title='bbox 1130 1254 1179 1296; x_wconf 89' lang='lat' dir='ltr'><strong>et</strong></span> <span class='ocrx_word' id='word_1_102' title='bbox 1191 1264 1322 1295; x_wconf 87' lang='lat' dir='ltr'><strong>arma</strong></span> <span class='ocrx_word' id='word_1_103' title='bbox 1341 1249 1446 1295; x_wconf 86' lang='lat' dir='ltr'><strong>Me-</strong></span> 
     </span>
     <span class='ocr_line' id='line_1_19' title="bbox 266 1315 393 1363; baseline 0.016 -2"><span class='ocrx_word' id='word_1_104' title='bbox 266 1315 393 1363; x_wconf 88' lang='lat' dir='ltr'><strong>tisci.</strong></span> 
     </span>
     <span class='ocr_line' id='line_1_20' title="bbox 136 1380 1310 1445; baseline 0.001 -18"><span class='ocrx_word' id='word_1_105' title='bbox 136 1380 283 1444; x_wconf 83' lang='lat' dir='ltr'><strong>Nigra</strong></span> <span class='ocrx_word' id='word_1_106' title='bbox 304 1382 433 1430; x_wconf 91' lang='lat' dir='ltr'><strong>velut</strong></span> <span class='ocrx_word' id='word_1_107' title='bbox 457 1398 652 1445; x_wconf 85' lang='lat' dir='ltr'><strong>magnas</strong></span> <span class='ocrx_word' id='word_1_108' title='bbox 676 1381 987 1429; x_wconf 72' lang='lat' dir='ltr'><strong>dominicum</strong></span> <span class='ocrx_word' id='word_1_109' title='bbox 1006 1381 1167 1428; x_wconf 78' lang='lat' dir='ltr'><strong>divitis</strong></span> <span class='ocrx_word' id='word_1_110' title='bbox 1183 1381 1310 1428; x_wconf 86' lang='lat' dir='ltr'><strong>aedes</strong></span> 
     </span>
     <span class='ocr_line' id='line_1_21' title="bbox 139 1447 1343 1512; baseline 0.001 -19"><span class='ocrx_word' id='word_1_111' title='bbox 139 1447 375 1504; x_wconf 84' lang='lat' dir='ltr'><strong>Pervolat,</strong></span> <span class='ocrx_word' id='word_1_112' title='bbox 403 1458 450 1497; x_wconf 92' lang='lat' dir='ltr'><strong>et</strong></span> <span class='ocrx_word' id='word_1_113' title='bbox 474 1449 640 1512; x_wconf 88' lang='lat' dir='ltr'><strong>pennis</strong></span> <span class='ocrx_word' id='word_1_114' title='bbox 665 1449 762 1495; x_wconf 85' lang='lat' dir='ltr'><strong>alta</strong></span> <span class='ocrx_word' id='word_1_115' title='bbox 785 1450 899 1494; x_wconf 82' lang='lat' dir='ltr'><strong>atria</strong></span> <span class='ocrx_word' id='word_1_116' title='bbox 920 1450 1086 1495; x_wconf 85' lang='lat' dir='ltr'><strong>lustrat</strong></span> <span class='ocrx_word' id='word_1_117' title='bbox 1111 1448 1343 1504; x_wconf 87' lang='lat' dir='ltr'><strong>liirundo;</strong></span> 
     </span>
     <span class='ocr_line' id='line_1_22' title="bbox 138 1514 1419 1578; baseline 0.002 -17"><span class='ocrx_word' id='word_1_118' title='bbox 138 1514 321 1562; x_wconf 87' lang='lat' dir='ltr'><strong>Pabula</strong></span> <span class='ocrx_word' id='word_1_119' title='bbox 339 1532 482 1578; x_wconf 85' lang='lat' dir='ltr'><strong>parva</strong></span> <span class='ocrx_word' id='word_1_120' title='bbox 505 1517 679 1578; x_wconf 81' lang='lat' dir='ltr'><strong>legens,</strong></span> <span class='ocrx_word' id='word_1_121' title='bbox 708 1515 926 1578; x_wconf 88' lang='lat' dir='ltr'><strong>nidisque</strong></span> <span class='ocrx_word' id='word_1_122' title='bbox 951 1515 1238 1577; x_wconf 86' lang='lat' dir='ltr'><strong>loquacibus</strong></span> <span class='ocrx_word' id='word_1_123' title='bbox 1263 1533 1419 1573; x_wconf 87' lang='lat' dir='ltr'><strong>escas;</strong></span> 
     </span>
     <span class='ocr_line' id='line_1_23' title="bbox 118 1582 1421 1645; baseline 0.002 -17"><span class='ocrx_word' id='word_1_124' title='bbox 118 1583 199 1628; x_wconf 85' lang='lat' dir='ltr'><strong>-Et</strong></span> <span class='ocrx_word' id='word_1_125' title='bbox 223 1599 346 1630; x_wconf 84' lang='lat' dir='ltr'><strong>nunc</strong></span> <span class='ocrx_word' id='word_1_126' title='bbox 372 1583 639 1645; x_wconf 88' lang='lat' dir='ltr'><strong>porticibus</strong></span> <span class='ocrx_word' id='word_1_127' title='bbox 663 1582 844 1637; x_wconf 80' lang='lat' dir='ltr'><strong>vacuis,</strong></span> <span class='ocrx_word' id='word_1_128' title='bbox 871 1599 995 1629; x_wconf 87' lang='lat' dir='ltr'><strong>nunc</strong></span> <span class='ocrx_word' id='word_1_129' title='bbox 1020 1582 1215 1629; x_wconf 76' lang='lat' dir='ltr'><strong>humida</strong></span> <span class='ocrx_word' id='word_1_130' title='bbox 1240 1583 1421 1630; x_wconf 70' lang='lat' dir='ltr'><strong>circuni</strong></span> 
     </span>
     <span class='ocr_line' id='line_1_24' title="bbox 137 1649 1442 1713; baseline 0.001 -17"><span class='ocrx_word' id='word_1_131' title='bbox 137 1649 319 1713; x_wconf 83' lang='lat' dir='ltr'><strong>Stagna</strong></span> <span class='ocrx_word' id='word_1_132' title='bbox 339 1659 477 1696; x_wconf 87' lang='lat' dir='ltr'><strong>sonat</strong></span> <span class='ocrx_word' id='word_1_133' title='bbox 497 1666 508 1696; x_wconf 88' lang='grc'>;</span> <span class='ocrx_word' id='word_1_134' title='bbox 551 1650 716 1696; x_wconf 89' lang='lat' dir='ltr'><strong>similis</strong></span> <span class='ocrx_word' id='word_1_135' title='bbox 742 1649 925 1695; x_wconf 85' lang='lat' dir='ltr'><strong>medios</strong></span> <span class='ocrx_word' id='word_1_136' title='bbox 951 1650 1154 1696; x_wconf 88' lang='lat' dir='ltr'><strong>Juturna</strong></span> <span class='ocrx_word' id='word_1_137' title='bbox 1176 1666 1259 1710; x_wconf 89' lang='lat' dir='ltr'><strong>per</strong></span> <span class='ocrx_word' id='word_1_138' title='bbox 1281 1649 1442 1697; x_wconf 86' lang='lat' dir='ltr'><strong>hostes</strong></span> 
     </span>
     <span class='ocr_line' id='line_1_25' title="bbox 137 1716 1441 1779; baseline 0 -16"><span class='ocrx_word' id='word_1_139' title='bbox 137 1717 302 1764; x_wconf 87' lang='lat' dir='ltr'><strong>Fertur</strong></span> <span class='ocrx_word' id='word_1_140' title='bbox 323 1716 473 1778; x_wconf 89' lang='lat' dir='ltr'><strong>equis,</strong></span> <span class='ocrx_word' id='word_1_141' title='bbox 492 1716 760 1779; x_wconf 84' lang='lat' dir='ltr'><strong>rapidoque</strong></span> <span class='ocrx_word' id='word_1_142' title='bbox 780 1716 943 1762; x_wconf 87' lang='lat' dir='ltr'><strong>volans</strong></span> <span class='ocrx_word' id='word_1_143' title='bbox 965 1716 1068 1762; x_wconf 88' lang='lat' dir='ltr'><strong>obit</strong></span> <span class='ocrx_word' id='word_1_144' title='bbox 1091 1717 1247 1762; x_wconf 86' lang='lat' dir='ltr'><strong>onmia</strong></span> <span class='ocrx_word' id='word_1_145' title='bbox 1273 1733 1441 1764; x_wconf 87' lang='lat' dir='ltr'><strong>curru:</strong></span> 
     </span>
     <span class='ocr_line' id='line_1_26' title="bbox 134 1778 1443 1846; baseline -0.001 -16"><span class='ocrx_word' id='word_1_146' title='bbox 134 1785 338 1846; x_wconf 82' lang='lat' dir='ltr'><strong>Jamque</strong></span> <span class='ocrx_word' id='word_1_147' title='bbox 355 1783 431 1830; x_wconf 74' lang='lat' dir='ltr'><strong>hic</strong></span> <span class='ocrx_word' id='word_1_148' title='bbox 443 1778 737 1846; x_wconf 78' lang='lat' dir='ltr'><strong>germanum,</strong></span> <span class='ocrx_word' id='word_1_149' title='bbox 751 1782 955 1845; x_wconf 85' lang='lat' dir='ltr'><strong>jamque</strong></span> <span class='ocrx_word' id='word_1_150' title='bbox 968 1782 1065 1839; x_wconf 73' lang='lat' dir='ltr'><strong>hic,</strong></span> <span class='ocrx_word' id='word_1_151' title='bbox 1079 1783 1443 1830; x_wconf 86' lang='lat' dir='ltr'><strong>ostenditovan-</strong></span> 
     </span>
     <span class='ocr_line' id='line_1_27' title="bbox 266 1858 1442 1906; baseline 0 -8"><span class='ocrx_word' id='word_1_152' title='bbox 266 1860 360 1898; x_wconf 90' lang='lat' dir='ltr'><strong>tem</strong></span> <span class='ocrx_word' id='word_1_153' title='bbox 381 1868 394 1906; x_wconf 92' lang='lat'>;</span> <span class='ocrx_word' id='word_1_154' title='bbox 1345 1858 1442 1906; x_wconf 82' lang='grc'><strong>479</strong></span> 
     </span>
     <span class='ocr_line' id='line_1_28' title="bbox 137 1916 1408 1980; baseline 0 -16"><span class='ocrx_word' id='word_1_155' title='bbox 137 1917 241 1964; x_wconf 87' lang='lat' dir='ltr'><strong>Nec</strong></span> <span class='ocrx_word' id='word_1_156' title='bbox 267 1918 476 1964; x_wconf 85' lang='lat' dir='ltr'><strong>conferre</strong></span> <span class='ocrx_word' id='word_1_157' title='bbox 501 1933 693 1964; x_wconf 89' lang='lat' dir='ltr'><strong>manum</strong></span> <span class='ocrx_word' id='word_1_158' title='bbox 721 1916 926 1978; x_wconf 83' lang='lat' dir='ltr'><strong>patitur;</strong></span> <span class='ocrx_word' id='word_1_159' title='bbox 967 1916 1093 1962; x_wconf 85' lang='lat' dir='ltr'><strong>volat</strong></span> <span class='ocrx_word' id='word_1_160' title='bbox 1116 1917 1221 1963; x_wconf 84' lang='lat' dir='ltr'><strong>avia</strong></span> <span class='ocrx_word' id='word_1_161' title='bbox 1247 1917 1408 1980; x_wconf 79' lang='lat' dir='ltr'><strong>longe.</strong></span> 
     </span>
     <span class='ocr_line' id='line_1_29' title="bbox 137 1983 1346 2045; baseline 0 -15"><span class='ocrx_word' id='word_1_162' title='bbox 137 1984 280 2031; x_wconf 88' lang='lat' dir='ltr'><strong>Haud</strong></span> <span class='ocrx_word' id='word_1_163' title='bbox 304 1984 458 2030; x_wconf 56' lang='lat' dir='ltr'><strong>minas</strong></span> <span class='ocrx_word' id='word_1_164' title='bbox 485 1985 653 2030; x_wconf 84' lang='lat' dir='ltr'><strong>AEneas</strong></span> <span class='ocrx_word' id='word_1_165' title='bbox 681 1992 830 2029; x_wconf 87' lang='lat' dir='ltr'><strong>tortos</strong></span> <span class='ocrx_word' id='word_1_166' title='bbox 852 1983 966 2045; x_wconf 83' lang='lat' dir='ltr'><strong>legit</strong></span> <span class='ocrx_word' id='word_1_167' title='bbox 992 1984 1158 2030; x_wconf 80' lang='lat' dir='ltr'><strong>obvius</strong></span> <span class='ocrx_word' id='word_1_168' title='bbox 1183 1985 1346 2041; x_wconf 87' lang='lat' dir='ltr'><strong>orbes,</strong></span> 
     </span>
     <span class='ocr_line' id='line_1_30' title="bbox 136 2049 1439 2114; baseline 0.003 -19"><span class='ocrx_word' id='word_1_169' title='bbox 136 2051 446 2114; x_wconf 76' lang='lat' dir='ltr'><strong>Vestigatque</strong></span> <span class='ocrx_word' id='word_1_170' title='bbox 471 2052 640 2106; x_wconf 89' lang='lat' dir='ltr'><strong>virum,</strong></span> <span class='ocrx_word' id='word_1_171' title='bbox 667 2058 715 2097; x_wconf 87' lang='lat' dir='ltr'><strong>et</strong></span> <span class='ocrx_word' id='word_1_172' title='bbox 733 2049 936 2112; x_wconf 76' lang='lat' dir='ltr'><strong>disjecta</strong></span> <span class='ocrx_word' id='word_1_173' title='bbox 960 2066 1044 2112; x_wconf 83' lang='lat' dir='ltr'><strong>per</strong></span> <span class='ocrx_word' id='word_1_174' title='bbox 1061 2051 1252 2112; x_wconf 82' lang='lat' dir='ltr'><strong>agmina</strong></span> <span class='ocrx_word' id='word_1_175' title='bbox 1269 2052 1439 2114; x_wconf 60' lang='lat' dir='ltr'><strong>magna</strong></span> 
     </span>
     <span class='ocr_line' id='line_1_31' title="bbox 136 2117 1438 2178; baseline 0.002 -16"><span class='ocrx_word' id='word_1_176' title='bbox 136 2117 267 2164; x_wconf 87' lang='lat' dir='ltr'><strong>Voce</strong></span> <span class='ocrx_word' id='word_1_177' title='bbox 289 2125 449 2164; x_wconf 89' lang='lat' dir='ltr'><strong>vocat.</strong></span> <span class='ocrx_word' id='word_1_178' title='bbox 487 2119 691 2171; x_wconf 84' lang='lat' dir='ltr'><strong>Quoties</strong></span> <span class='ocrx_word' id='word_1_179' title='bbox 727 2118 891 2164; x_wconf 87' lang='lat' dir='ltr'><strong>oculos</strong></span> <span class='ocrx_word' id='word_1_180' title='bbox 931 2118 1141 2178; x_wconf 80' lang='lat' dir='ltr'><strong>conjecit</strong></span> <span class='ocrx_word' id='word_1_181' title='bbox 1164 2118 1209 2163; x_wconf 90' lang='lat' dir='ltr'><strong>in</strong></span> <span class='ocrx_word' id='word_1_182' title='bbox 1236 2120 1438 2175; x_wconf 84' lang='lat' dir='ltr'><strong>hostem,</strong></span> 
     </span>
     <span class='ocr_line' id='line_1_32' title="bbox 136 2184 1356 2247; baseline 0 -17"><span class='ocrx_word' id='word_1_183' title='bbox 136 2184 488 2246; x_wconf 87' lang='lat' dir='ltr'><strong>Alipedumque</strong></span> <span class='ocrx_word' id='word_1_184' title='bbox 508 2184 667 2247; x_wconf 84' lang='lat' dir='ltr'><strong>fugam</strong></span> <span class='ocrx_word' id='word_1_185' title='bbox 695 2201 836 2230; x_wconf 83' lang='lat' dir='ltr'><strong>cursu</strong></span> <span class='ocrx_word' id='word_1_186' title='bbox 862 2186 1062 2231; x_wconf 79' lang='lat' dir='ltr'><strong>tentavit</strong></span> <span class='ocrx_word' id='word_1_187' title='bbox 1088 2202 1323 2247; x_wconf 85' lang='lat' dir='ltr'><strong>equorum</strong></span> <span class='ocrx_word' id='word_1_188' title='bbox 1346 2203 1356 2239; x_wconf 93' lang='lat'>;</span> 
     </span>
     <span class='ocr_line' id='line_1_33' title="bbox 141 2252 1139 2299; baseline 0 -2"><span class='ocrx_word' id='word_1_189' title='bbox 141 2253 339 2298; x_wconf 86' lang='lat' dir='ltr'><strong>Aversos</strong></span> <span class='ocrx_word' id='word_1_190' title='bbox 362 2252 501 2298; x_wconf 91' lang='lat' dir='ltr'><strong>toties</strong></span> <span class='ocrx_word' id='word_1_191' title='bbox 524 2268 688 2297; x_wconf 82' lang='lat' dir='ltr'><strong>currus</strong></span> <span class='ocrx_word' id='word_1_192' title='bbox 711 2252 913 2299; x_wconf 85' lang='lat' dir='ltr'><strong>Juturna</strong></span> <span class='ocrx_word' id='word_1_193' title='bbox 938 2254 1139 2298; x_wconf 58' lang='lat' dir='ltr'><strong>retorsit.</strong></span> 
     </span>
     <span class='ocr_line' id='line_1_34' title="bbox 139 2317 1437 2380; baseline -0.001 -16"><span class='ocrx_word' id='word_1_194' title='bbox 139 2318 271 2365; x_wconf 82' lang='lat' dir='ltr'><strong>Heu!</strong></span> <span class='ocrx_word' id='word_1_195' title='bbox 299 2319 411 2380; x_wconf 85' lang='lat' dir='ltr'><strong>quid</strong></span> <span class='ocrx_word' id='word_1_196' title='bbox 429 2319 566 2380; x_wconf 71' lang='lat' dir='ltr'><strong>agat&#39;!</strong></span> <span class='ocrx_word' id='word_1_197' title='bbox 594 2317 722 2364; x_wconf 85' lang='lat' dir='ltr'><strong>vario</strong></span> <span class='ocrx_word' id='word_1_198' title='bbox 748 2318 1064 2380; x_wconf 75' lang='lat' dir='ltr'><strong>nequicquam</strong></span> <span class='ocrx_word' id='word_1_199' title='bbox 1083 2318 1280 2368; x_wconf 65' lang='lat' dir='ltr'><strong>fluctuat</strong></span> <span class='ocrx_word' id='word_1_200' title='bbox 1296 2327 1437 2372; x_wconf 75' lang='lat' dir='ltr'><strong>aestu,</strong></span> 
     </span>
     <span class='ocr_line' id='line_1_35' title="bbox 147 2385 1388 2450; baseline 0.002 -15"><span class='ocrx_word' id='word_1_201' title='bbox 147 2385 453 2450; x_wconf 63' lang='lat' dir='ltr'><strong>Diversaeque</strong></span> <span class='ocrx_word' id='word_1_202' title='bbox 480 2394 654 2432; x_wconf 83' lang='lat' dir='ltr'><strong>vocant</strong></span> <span class='ocrx_word' id='word_1_203' title='bbox 674 2386 884 2432; x_wconf 88' lang='lat' dir='ltr'><strong>animum</strong></span> <span class='ocrx_word' id='word_1_204' title='bbox 911 2386 956 2432; x_wconf 91' lang='lat' dir='ltr'><strong>in</strong></span> <span class='ocrx_word' id='word_1_205' title='bbox 982 2390 1216 2434; x_wconf 81' lang='lat' dir='ltr'><strong>contraria</strong></span> <span class='ocrx_word' id='word_1_206' title='bbox 1242 2406 1388 2439; x_wconf 84' lang='lat' dir='ltr'><strong>curae.</strong></span> 
     </span>
     <span class='ocr_line' id='line_1_36' title="bbox 143 2452 1282 2518; baseline 0.002 -17"><span class='ocrx_word' id='word_1_207' title='bbox 143 2456 267 2502; x_wconf 81' lang='lat' dir='ltr'><strong>Huic</strong></span> <span class='ocrx_word' id='word_1_208' title='bbox 289 2456 555 2518; x_wconf 88' lang='lat' dir='ltr'><strong>Messapus,</strong></span> <span class='ocrx_word' id='word_1_209' title='bbox 584 2452 653 2499; x_wconf 78' lang='lat' dir='ltr'><strong>uti</strong></span> <span class='ocrx_word' id='word_1_210' title='bbox 681 2452 799 2499; x_wconf 66' lang='lat' dir='ltr'><strong>laeva</strong></span> <span class='ocrx_word' id='word_1_211' title='bbox 822 2454 919 2499; x_wconf 89' lang='lat' dir='ltr'><strong>duo</strong></span> <span class='ocrx_word' id='word_1_212' title='bbox 942 2453 1062 2501; x_wconf 86' lang='lat' dir='ltr'><strong>forte</strong></span> <span class='ocrx_word' id='word_1_213' title='bbox 1085 2456 1282 2515; x_wconf 75' lang='lat' dir='ltr'><strong>gerebat</strong></span> 
     </span>
     <span class='ocr_line' id='line_1_37' title="bbox 148 2518 1236 2583; baseline 0 -15"><span class='ocrx_word' id='word_1_214' title='bbox 148 2523 308 2577; x_wconf 83' lang='lat' dir='ltr'><strong>Lenta,</strong></span> <span class='ocrx_word' id='word_1_215' title='bbox 337 2521 450 2568; x_wconf 86' lang='lat' dir='ltr'><strong>levis</strong></span> <span class='ocrx_word' id='word_1_216' title='bbox 472 2537 629 2578; x_wconf 86' lang='lat' dir='ltr'><strong>cursu,</strong></span> <span class='ocrx_word' id='word_1_217' title='bbox 658 2518 857 2583; x_wconf 86' lang='lat' dir='ltr'><strong>praefixa</strong></span> <span class='ocrx_word' id='word_1_218' title='bbox 882 2520 1067 2568; x_wconf 81' lang='lat' dir='ltr'><strong>hastilia</strong></span> <span class='ocrx_word' id='word_1_219' title='bbox 1098 2522 1236 2580; x_wconf 84' lang='lat' dir='ltr'><strong>ferro,</strong></span> 
     </span>
    </p>
   </div>
   <div class='ocr_carea' id='block_1_5' title="bbox 747 2587 835 2637">
    <p class='ocr_par' dir='ltr' id='par_1_5' title="bbox 747 2587 835 2637">
     <span class='ocr_line' id='line_1_38' title="bbox 747 2587 835 2637; baseline 0.045 -4"><span class='ocrx_word' id='word_1_220' title='bbox 747 2587 835 2637; x_wconf 80' lang='lat' dir='ltr'><strong>L2</strong></span> 
     </span>
    </p>
   </div>
  </div>
 </body>
</html>
