1614 2694
551 87 855 125 GnonoicA.
884 87 998 121 mn.
1028 86 1066 121 1.
1402 81 1465 123 35

156 185 366 233 Multum
388 183 526 243 adeo,
558 182 717 229 rastris
744 182 911 244 glebas
936 182 1018 244 qui
1044 180 1216 243 frangit
1242 181 1432 237 inerteS‚

155 252 491 313 Vimineasque
506 250 651 296 trahit
662 257 834 304 crates,
848 248 990 309 juvat
1009 263 1118 292 arva
1135 265 1144 300 ;
1169 249 1464 310 nequeillum

155 320 296 366 Flava
320 318 465 365 Ceres
484 317 582 363 alto
608 315 929 378 nequicquam
955 322 1140 376 spectat
1167 315 1415 379 Olympo;

154 386 216 432 Et
240 383 338 446 qui,
364 383 609 447 proscisso
636 399 744 445 quae
769 383 966 429 suscitat
986 396 1180 441 aequore
1206 390 1352 442 terga,

153 452 337 497 Rursus
362 451 408 496 in
427 450 678 512 obliquum
701 465 835 495 verso
863 447 1130 509 perrumpit
1154 458 1330 504 aratro,

152 519 450 579 Exercetque
464 516 938 578 frequenstellurem,
953 523 1097 574 atque
1117 514 1310 575 imperat
1326 516 1465 562 arvis.

206 584 416 630 Humida
433 583 785 644 solstiti-datque
802 578 994 640 hyemes
1007 589 1137 626 orate
1152 597 1353 637 serenas,
1376 591 1466 631 100

149 650 420 713 Agricolae:
461 651 674 712 hyberno
699 649 941 695 laetissima
968 647 1163 709 pulvere
1190 648 1331 703 farra,

150 717 310 764 Laetus
333 731 472 778 ager:
511 717 642 763 nullo
665 725 850 763 tantum
877 731 927 761 se
952 715 1109 777 Mysia
1131 714 1267 760 cultu

146 784 327 840 Jactat‚
355 793 401 829 et
426 783 530 845 ipsa
556 787 665 830 suas
690 784 925 829 mirantur
945 781 1158 840 Gargara
1186 798 1378 829 messes.

148 850 277 904 Quid
304 850 480 905 dicam,
502 851 643 911 jacto
669 850 749 913 qui
777 851 951 895 semine
975 847 1195 894 cominus
1221 864 1332 894 arva

147 917 438 978 Insequitur,
463 916 779 979 cumulosque
804 916 897 962 ruit
923 916 1046 961 male
1072 915 1257 977 pinguis
1283 917 1467 962 arenae?

147 984 337 1030 Deinde
361 984 472 1029 satis
499 982 697 1030 fluvium
723 982 922 1037 inducit,
951 982 1173 1043 rivosque
1187 981 1468 1042 sequentes}

147 1050 211 1095 Et
235 1050 344 1096 cum
371 1059 568 1097 exustus
592 1067 703 1113 ager
729 1048 1038 1095 morientibus
1059 1055 1232 1094 aestuat
1253 1049 1429 1105 herbis,

147 1117 293 1173 Ecce,
321 1117 578 1179 supercilio
602 1116 771 1166 clivosi
795 1116 992 1163 tramitis
1013 1115 1188 1161 undam

145 1182 312 1230 Elicit:
355 1183 434 1230 illa
458 1185 635 1231 cadens
655 1200 852 1231 raucum
881 1199 962 1244 per
986 1182 1108 1228 levia
1133 1197 1347 1228 murmur

147 1251 270 1296 Saxa
290 1251 402 1307 ciet,
421 1252 746 1314 scatebrisque
766 1251 945 1296 arentia
966 1258 1200 1310 temperat
1219 1265 1349 1295 arva-
1375 1253 1462 1296 110

147 1317 295 1373 Quid,
318 1318 417 1379 qui,
444 1335 500 1364 ne
519 1318 725 1378 gravidis
760 1316 1049 1379 procumbat
1073 1315 1260 1361 culmus
1292 1317 1467 1373 aristis,

147 1383 406 1430 Luxuriem
432 1393 642 1445 segetum
668 1385 829 1430 tener-<⁴1
855 1382 1069 1442 depascit
1094 1382 1141 1428 in
1167 1381 1331 1436 herba,

148 1449 274 1496 Cum
299 1449 509 1512 primum
532 1451 690 1497 sulcos
711 1456 902 1511 aequant
923 1449 1050 1494 sata?
1073 1449 1253 1510 quique
1277 1449 1466 1509 paludis

149 1516 420 1563 Collectum
450 1517 694 1563 humorem
722 1516 886 1562 bibula
911 1514 1111 1561 deducit
1135 1516 1310 1560 aren-51¹}

149 1583 411 1630 Praesertim
435 1582 628 1630 incertis
655 1584 693 1629 si
719 1583 958 1629 mensibus
984 1582 1134 1627 amuis
1157 1581 1410 1628 abundans

148 1650 272 1706 Exit,
298 1658 347 1696 et
368 1648 588 1697 obducto
613 1651 706 1698 late
735 1659 863 1696 tenet
886 1648 1041 1694 omnia
1059 1648 1188 1704 limo,

147 1712 287 1763 Unde
312 1732 445 1763 cavae
471 1717 630 1778 tepido
655 1717 832 1764 sudant
861 1716 1054 1762 humore
1079 1715 1278 1761 lacunae.

148 1783 256 1830 Nec
277 1791 434 1830 tamen
453 1783 578 1843 (haec
599 1785 710 1830 cum
732 1783 824 1830 sint
838 1782 1198 1843 hominumque,
1222 1783 1465 1845 boumque

285 1849 471 1896 labores

148 1916 398 1964 Versando
422 1925 593 1963 terram
615 1915 816 1979 experti)
843 1915 957 1961 nihil
977 1916 1226 1978 improbus
1247 1932 1397 1972 anser,

149 1983 530 2046 Strymoniaeque
550 2000 704 2046 grues,
727 1992 772 2029 et
798 1983 970 2028 amaris
994 1983 1162 2042 intyba
1187 1981 1333 2038 fibris,
1376 1991 1465 2032 120

152 2049 403 2104 Officiunt,
423 2059 508 2097 aut
536 2050 702 2096 umbra
727 2061 884 2095 nocet.
961 2050 1099 2096 Pater
1124 2049 1223 2111 ipse
1247 2051 1441 2097 colendi

151 2117 294 2164 Haud
309 2117 494 2164 facilem
506 2133 603 2163 esse
616 2118 737 2163 viam
751 2116 917 2172 voluit,
931 2117 1203 2178 primusque
1217 2133 1302 2178 per
1316 2127 1465 2165 artem

151 2184 308 2230 Movit
324 2200 478 2246 agros,
505 2184 631 2230 curis
653 2200 830 2230 acuens
855 2184 1070 2230 mortalia
1095 2184 1264 2239 corda;

150 2249 256 2298 Nec
283 2259 472 2313 torpere
495 2251 628 2313 gravi
652 2266 822 2313 passus
843 2267 925 2296 sua
950 2267 1094 2313 regna
1121 2260 1332 2298 vetern0.

153 2317 278 2363 Ante
300 2318 468 2364 Jovem
491 2317 603 2364 nulli
629 2317 916 2378 subigebant
943 2334 1053 2363 arva
1077 2318 1264 2365 coloni:

154 2382 260 2429 Nec
284 2383 468 2447 signare
495 2383 709 2446 quidem,
733 2393 817 2430 aut
842 2384 1006 2446 partiri
1030 2384 1175 2430 limite
1201 2402 1423 2449 campum

156 2449 247 2495 Fas
268 2459 399 2496 erat:
439 2451 485 2497 in
513 2451 720 2497 medium
747 2453 1026 2513 quaerebant
1049 2470 1061 2507 ;
1102 2452 1298 2513 ipsaque
1326 2453 1463 2499 tellus

157 2515 332 2562 Omnia
354 2516 563 2576 liberius,
591 2518 720 2563 nullo
738 2527 982 2580 poscente,
1006 2518 1207 2564 serebat..
