1580 2686
529 82 835 117 GEoRch.
879 90 985 121 Lm.
1029 88 1112 120 111.
1384 65 1470 112 .67

171 202 281 248 Hoc
308 199 549 262 quondam
577 207 786 248 monstro
806 200 1052 246 horribiles
1077 200 1293 247 exercuit
1316 199 1409 246 iras

173 266 377 314 Inaclriae
399 268 526 314 Juno
551 276 735 331 pestem
760 266 1244 326 meditatajuvencae.

171 334 312 380 Hunc
330 349 523 396 quoque
537 333 662 396 (nam
680 333 847 380 mediis
865 333 1126 379 fervoribus
1141 333 1294 380 acrior
1315 332 1478 388 instat)

170 400 372 446 Arcebis
397 400 594 462 gravido
619 401 780 463 pecori
801 417 812 454 3
838 406 1146 461 armentaque
1171 415 1336 459 pasces

169 466 280 512 Sole
303 466 469 512 recens
494 474 617 524 orto,
644 475 727 514 aut
749 474 938 513 noctem
965 465 1253 512 ducentibus
1275 466 1426 512 astris.

236 534 352 579 Post
377 541 580 594 partum,
607 550 721 580 cura
747 534 794 580 in
812 533 987 579 vitulos
1007 531 1270 579 traducitur
1293 531 1476 585 omnis:

171 598 506 661 Continubque
532 611 666 647 notas
690 608 738 647 et
763 600 954 646 nomina
979 599 1129 660 gentis
1157 598 1364 653 inurunt,

169 665 232 711 Et
257 681 392 728 quos,
419 674 502 713 aut
527 668 694 728 pecori
719 667 882 713 malint
908 666 1188 712 submittere
1216 664 1455 718 habendo,

168 731 267 777 Aut
286 731 377 779 aris
404 749 591 780 servare
617 750 795 790 sacros,
821 740 904 779 aut
928 732 1145 779 scindere
1170 740 1356 786 terram,
1390 730 1479 777 160

169 797 232 844 Et
252 815 478 863 campum
507 800 777 847 horrentem
804 800 965 845 fractis
991 800 1220 845 invertere
1246 798 1416 859 glebis.

170 864 342 911 Cetera
366 875 629 928 pascuntur
654 867 822 913 virides
847 874 1057 913 armenta
1084 882 1162 926 per
1189 866 1374 910 herbas.

166 931 244 977 Tu
270 948 392 994 quos
418 933 476 979 ad
504 933 717 980 studium
742 942 886 995 atque
913 949 1047 980 usum
1075 931 1299 978 formabis
1320 947 1455 994 agres

303 1009 416 1054 tem,

167 1064 274 1111 Jam
295 1065 471 1112 vitulos
497 1066 701 1123 hortare,
729 1066 949 1128 viamque
975 1066 1139 1112 insiste
1166 1062 1412 1119 domandi,

169 1130 298 1176 Dum
327 1132 488 1179 faciles
514 1134 922 1195 animijuvenum,
951 1133 1063 1180 (lum
1085 1131 1271 1177 mobilis
1298 1138 1429 1177 aetas.

168 1199 242 1243 Ac
277 1199 483 1260 primum
509 1200 643 1247 laxos
671 1201 799 1247 tenui
825 1199 884 1246 (le
913 1200 1085 1246 vimine
1112 1198 1284 1244 circlos

169 1263 359 1312 Cervici
386 1267 614 1313 subnecte
637 1286 649 1316 z
677 1266 871 1322 deliine,
898 1267 980 1313 ubi
1008 1266 1155 1312 libera.
1181 1265 1309 1311 colla

168 1331 370 1378 Sei-vitio
395 1334 642 1391 assuerint,
670 1333 785 1394 ipsis
813 1350 837 1378 e
864 1333 1116 1395 torquibus
1141 1340 1277 1393 aptos

167 1397 323 1460 Junge
348 1415 501 1460 pares,
529 1407 576 1446 et
600 1417 714 1463 coge
747 1399 948 1460 gradum
989 1398 1480 1458 conferrejuvencos.

169 1467 331 1526 Atque
358 1465 448 1512 illis
466 1466 571 1527 Jam
598 1483 720 1527 saepe
746 1475 862 1512 rotae
887 1467 1125 1512 ducantur
1151 1465 1309 1511 inanes
1395 1472 1482 1517 170

168 1530 258 1577 Per
286 1538 470 1587 terram,
496 1540 544 1578 et
568 1550 753 1579 summo
780 1533 975 1592 vestigia
1002 1533 1197 1595 pulvere
1223 1531 1427 1592 signent.

171 1596 285 1644 Post
310 1598 467 1644 valido
493 1599 644 1646 nitens
673 1600 760 1646 sub
804 1600 1019 1660 pondere
1045 1598 1230 1660 faginus
1262 1599 1361 1643 axis

169 1663 423 1727 Instrepat‚
451 1673 499 1712 et
515 1665 715 1727 junctos
743 1677 869 1712 temo
894 1666 1055 1712 trahat:
1079 1682 1229 1711 aereus
1256 1665 1414 1710 orbe-s.

170 1730 355 1778 Interea
374 1732 495 1795 pubi
519 1733 764 1779 indomitae
791 1749 881 1778 non
908 1733 1119 1795 gramina
1146 1731 1349 1787 tantuin,

168 1797 276 1845 Nec
292 1815 458 1846 vescas
480 1799 676 1846 salicum
694 1799 904 1856 frondes,
922 1801 1177 1860 ulvamque
1195 1798 1452 1860 palustrem
1471 1815 1482 1851 ;

170 1864 263 1910 Sed
285 1864 524 1913 frumenta
550 1882 694 1913 manu
720 1882 887 1928 carpes
914 1874 1033 1914 sata.
1062 1867 1165 1912 Nec
1188 1866 1276 1912 tibi
1302 1864 1447 1919 foetae,

170 1931 308 1978 More
328 1940 535 1993 patrum,
558 1932 696 1980 nivea
713 1932 1264 1995 implebuntniulctralia
1291 1948 1483 1986 vaccae;

170 1997 263 2044 Sed
282 2006 383 2044 tota
405 1999 449 2044 in
469 1999 635 2047 dulces
653 2008 937 2047 consument
965 2000 1107 2046 ubera
1133 2007 1284 2045 natos.

236 2064 319 2110 Sin
336 2065 394 2111 ad
414 2066 538 2112 bella
559 2066 709 2128 magis
730 2065 957 2122 studium,
981 2076 1260 2127 turmasque
1284 2064 1482 2117 feroceS,

170 2131 271 2178 Aut
295 2131 481 2194 Alphea
506 2133 621 2179 rotis
649 2133 848 2195 praelabi
874 2132 1069 2179 flumina
1094 2133 1233 2188 Pisae,
1392 2139 1485 2179 180

171 2197 234 2244 Et
256 2199 388 2245 Jovis
411 2199 457 2245 in
483 2199 591 2246 luco
617 2216 783 2246 currus
807 2200 987 2261 agitare
1016 2201 1227 2246 volantes
1248 2217 1259 2254 ;

171 2263 358 2310 Primus
375 2266 486 2328 equi
505 2265 639 2312 labor
662 2273 751 2323 est,
778 2267 960 2312 animos
987 2273 1133 2328 atque
1158 2282 1286 2312 arma
1310 2264 1468 2311 videre

171 2329 459 2388 Bellantfim,
481 2332 718 2395 lituosque
740 2333 855 2396 pati,
876 2341 1126 2396 tractuque
1152 2340 1419 2394 gementem

172 2396 311 2443 Ferre
335 2406 505 2455 rotam,
531 2407 579 2446 et
605 2401 794 2446 stabulo
821 2400 1173 2447 fraenosaudire
1199 2406 1443 2452 sonantes;

171 2462 298 2508 Tum
320 2465 468 2527 magis
489 2472 633 2527 atque
652 2466 803 2529 magis
831 2466 1017 2513 blandis
1043 2468 1249 2529 gaudere
1271 2463 1487 2527 magistri

175 2528 435 2588 Laudibus,
463 2540 508 2580 et
531 2534 714 2594 plausae
738 2535 940 2582 sonitum
969 2534 1166 2585 cervicis
1192 2548 1346 2580 amare
