1614 2694
559 121 857 156 nucoch.
897 122 1013 156 Ect„
1053 125 1102 156 v.
1427 118 1484 166 17

180 216 288 277 Ipsa
312 215 446 262 Pales
471 230 628 275 ag1·08‚
655 222 800 277 atque
826 215 928 277 ipse
953 215 1144 277 reliquit
1168 217 1359 280 Apollo.

178 281 392 330 Grandia
417 297 545 342 saepe
562 281 738 342 quibus
764 282 1094 329 mandavimus
1118 283 1297 332 hordea
1319 285 1481 344 sulcis,
1553 323 1555 325 s

178 348 348 395 Infelix
370 348 551 404 lolium,
579 355 629 395 et
653 347 838 394 steriles
857 356 1122 395 nascuntur
1145 365 1326 399 avenae.

176 415 267 461 Pro
292 414 421 460 molli
447 414 588 470 viola,
612 430 699 477 pro
719 430 962 477 purpureo
980 415 1201 470 narcisso,

175 480 392 527 Carduus
415 488 463 527 et
488 481 634 542 spinis
659 481 807 543 surgit
832 482 1044 545 paliurus
1070 481 1238 528 acutis.
1330 484 1481 547 [braS,

174 547 393 609 Spargite
440 547 636 593 humum
679 546 804 594 foliis
826 564 837 594 t
874 548 1088 595 inducite
1135 547 1349 597 fontibus
1377 569 1482 598 um-

172 613 420 660 Pastores:
458 614 654 660 mandat
679 612 778 660 fieri
800 614 886 660 sihi
912 615 1026 661 talia
1051 614 1291 677 Daphnis.
1414 626 1474 666 41

172 679 233 726 Et
251 678 484 726 tumulum
527 679 687 736 facite,
729 690 776 727 et
814 681 997 728 tumulo
1030 680 1338 746 superaddite
1376 700 1481 731 car·

303 763 409 793 men
430 763 442 794 :

171 813 391 876 Daphnis
410 830 499 875 ego
516 812 563 859 in
581 812 727 870 silvis,
745 813 853 861 hinc
873 831 1026 878 usque
1050 815 1108 863 ad
1137 814 1292 865 sidera
1318 826 1479 877 notuS,

170 880 386 928 Formosi
409 880 600 943 pecoris
616 889 795 937 cust05‚
817 883 1070 929 formosior
1092 883 1214 944 ipse.

170 958 270 992 ME.
295 947 414 994 Tale
436 954 570 993 tuum
595 962 787 994 carmen
815 949 967 1005 nobis,
994 949 1154 996 divine
1179 955 1341 1012 poeta,

168 1013 324 1068 Quale
348 1029 493 1076 sopor
516 1012 648 1059 fessis
682 1014 728 1059 in
752 1016 990 1076 gramine:
1030 1016 1170 1078 quale
1197 1032 1281 1078 per
1306 1026 1475 1064 aestum

166 1079 335 1126 Dulcis
351 1096 491 1142 aquae
511 1080 708 1127 saliente
721 1081 844 1127 sitim
866 1083 1157 1146 restinguere
1178 1086 1294 1130 rivo.
1310 1086 1476 1147 [trum.

165 1147 268 1192 Nec
294 1147 486 1193 calamis
519 1146 673 1193 solnm
719 1148 1004 1210 aequiparas,
1050 1149 1132 1196 sed
1161 1166 1279 1196 voce
1305 1151 1478 1213 magis-

164 1213 424 1260 Fortunate
447 1229 583 1277 puer,
606 1222 657 1259 tu
683 1230 809 1261 nunc
834 1216 926 1261 eris
950 1218 1070 1264 alter
1092 1216 1154 1263 ab
1179 1216 1274 1264 illo.

161 1279 266 1326 Nos
285 1288 444 1328 tamen
463 1281 566 1327 haec
583 1297 875 1344 quocunque
896 1284 1041 1330 modo
1057 1284 1141 1330 tibi
1158 1291 1317 1330 nostra
1335 1283 1475 1330 vicis-

293 1347 380 1393 sim
1410 1357 1474 1398 50

161 1412 415 1468 Dicemus;
446 1413 783 1474 Daphnimque
818 1422 953 1461 tuum
980 1414 1203 1463 tollemus
1228 1415 1288 1463 ad
1316 1424 1438 1463 astra
1458 1435 1473 1465 x

159 1480 388 1543 Daphnin
422 1480 481 1526 ad
518 1488 643 1527 astra
667 1478 900 1528 feremus:
937 1481 1111 1530 amavit
1149 1499 1236 1530 nos
1277 1499 1472 1547 quoque

290 1546 524 1610 Daphni&

158 1624 261 1660 Mo.
285 1615 359 1660 An
380 1613 635 1676 quicquam
658 1613 796 1661 nobis
824 1612 906 1660 tali
931 1612 991 1660 sit
1015 1629 1210 1663 munere
1235 1616 1330 1679 maj
1342 1620 1436 1667 us?

154 1678 215 1725 Et
236 1695 355 1742 puer
378 1680 482 1743 ipse
507 1680 597 1727 fuit
622 1681 806 1729 cantari
831 1680 1020 1742 dignus,
1045 1689 1095 1728 et
1119 1682 1206 1728 ista

151 1746 449 1810 Jampridem
478 1747 707 1795 Stimicon
733 1747 948 1795 laudavit
973 1747 1187 1796 carmina
1212 1751 1366 1798 nobis.

155 1825 256 1859 ME.
284 1813 535 1861 Candidus
560 1814 796 1862 insuetum
824 1815 1023 1861 miratur
1046 1814 1185 1862 limen
1208 1818 1423 1881 Olympi,

153 1879 253 1926 Sub
279 1881 582 1944 pedibusque
610 1882 740 1928 videt
762 1882 916 1929 nubes
941 1889 990 1928 et
1013 1881 1171 1929 sidera
1192 1884 1433 1946 Daphnis.

151 1945 277 2007 Ergo
299 1948 473 1995 alacris
497 1947 635 1994 silvas
658 1957 706 1995 et
729 1958 888 1996 cetera
911 1964 1020 1994 rura
1044 1949 1288 2012 voluptas,

151 2011 395 2076 Panaque,
419 2023 722 2078 pastoresque
748 2024 891 2072 tenet,
920 2015 1241 2078 Dryadasque
1264 2018 1462 2080 puellas.

150 2078 254 2126 Nec
280 2081 421 2144 lupus
450 2080 646 2129 insidias
673 2083 849 2143 pecori,
877 2098 963 2129 nec
992 2082 1110 2128 retia
1137 2084 1287 2130 cervis
1398 2085 1462 2133 60

147 2144 257 2193 Utta
282 2146 447 2196 dolum
471 2149 792 2196 meditantur:
833 2157 964 2196 amat
991 2149 1145 2195 bonus
1167 2150 1266 2196 otia
1292 2152 1462 2214 Daph-

146 2209 248 2273 Ipsi
270 2213 431 2262 laetitia
458 2231 599 2262 voces
624 2215 684 2262 ad
711 2215 869 2263 sidera
887 2216 1078 2276 jactant
1346 2219 1462 2281 [niS.

147 2276 333 2327 Intonsi
355 2291 550 2339 montes,
576 2282 689 2344 ipsae
706 2282 811 2342 jam
836 2282 1047 2330 carmina
1067 2298 1222 2344 rupes,

147 2345 261 2408 Ipsa
284 2359 457 2397 sonant
479 2350 694 2406 arbusta,
718 2350 864 2407 Deus,
893 2351 1025 2395 Deus
1051 2349 1146 2405 ille,
1175 2350 1413 2398 Menalca.

147 2411 225 2459 Sis
248 2413 420 2473 bonus,
444 2433 472 2463 o
496 2415 710 2477 felixque
728 2417 845 2465 tuis!
883 2433 938 2462 en
967 2424 1175 2478 quatuor
1200 2433 1334 2473 aras;

147 2479 273 2528 Ecce
318 2481 440 2530 duas
475 2483 580 2540 tibi,
619 2483 834 2546 Daphni,
877 2482 997 2530 duas
1047 2482 1215 2529 altaria
1242 2484 1421 2531 Phoebo
1443 2498 1455 2530 ε

147 2544 326 2596 Pocula
351 2548 461 2597 bina
484 2566 609 2598 novo
633 2550 901 2609 spumantia
928 2550 1053 2597 lacte
1078 2550 1354 2613 quotannis,
