1607 2700
214 108 306 150 288
552 115 600 148 P.
639 115 884 150 leGiLu
928 115 1192 150 MARONIS

215 232 383 280 Affore
409 234 625 281 cernetis.
696 236 799 282 Nec
825 252 912 282 nos
939 236 1014 282 via
1038 235 1157 282 fallit
1182 245 1384 286 euntes:

215 299 436 346 Vidimus
463 301 676 348 obscuris
700 303 901 364 primam
928 304 1016 349 sub
1044 303 1248 350 vallibus
1286 304 1453 350 urbem

213 367 405 413 Venatu
430 367 640 425 assiduo,
668 380 716 415 et
736 378 886 415 totum
915 370 1230 429 cognovimus
1256 387 1464 418 amnem.

282 434 376 479 Hic
401 434 534 480 annis
559 436 709 497 gravis
737 445 882 496 atque
907 436 1048 480 animi
1074 445 1283 482 maturus
1326 437 1516 484 Aletes:

213 500 279 547 Di
304 501 460 563 patrii,
484 518 687 563 quorum
714 517 898 562 semper
923 502 1011 546 sub
1039 502 1228 549 numine
1248 502 1400 563 Troja
1425 512 1517 560 est,

213 569 324 614 Non
347 575 504 614 tamen
525 569 713 614 omnino
739 569 955 614 Teucros
982 567 1140 614 delere
1166 571 1362 631 paratis,

214 633 335 681 Cnm
359 633 472 680 tales
494 634 673 679 animos
691 633 926 694 juvenum
953 643 999 679 et
1025 642 1121 680 tam
1148 644 1277 683 certa
1305 635 1483 684 tulistis

213 700 431 747 Pectora.
506 700 582 746 Sic
633 716 919 757 memorans,
967 701 1190 747 humeros
1227 703 1517 765 dextrasque

346 766 539 813 tenebat
1420 776 1516 817 250

211 833 491 889 Amborum,
519 842 564 880 et
589 834 768 880 vultum
797 833 1018 895 lacrymis
1044 840 1190 895 atque
1216 850 1295 880 ora
1311 835 1521 898 rigabat:

211 899 333 954 Quae
359 899 510 957 vobis,
541 917 648 962 quae
675 901 834 963 digna,
861 901 961 956 viri,
986 916 1072 961 pro
1098 900 1321 947 laudibus
1347 902 1465 959 istis,

209 965 406 1012 Praemia
428 983 570 1030 posse
592 984 694 1014 rear
719 968 873 1015 solvi?
899 967 1220 1028 pulcherrima
1247 968 1451 1030 primum

212 1033 275 1078 Di
302 1050 551 1096 moresque
577 1035 760 1080 dabunt
783 1035 951 1088 vestm
980 1043 1076 1080 tum
1105 1043 1261 1080 cetera
1286 1036 1452 1083 reddet

209 1101 446 1147 Actutum
473 1102 578 1162 pius
601 1103 787 1156 AEneas,
819 1110 964 1163 atque
986 1101 1166 1163 integer
1192 1102 1280 1148 aevi

210 1167 461 1223 Ascanius,
493 1169 643 1214 meriti
672 1170 789 1215 tanti
810 1184 904 1214 non
933 1168 1180 1214 immemor
1205 1184 1434 1231 unquam.

210 1233 361 1279 Immo
386 1251 475 1297 ego
496 1251 596 1290 vos,
620 1235 695 1281 cui
723 1236 820 1281 sola
848 1235 976 1281 salus
1003 1234 1213 1296 genitore
1241 1235 1461 1292 reducto,

208 1300 398 1362 Excipit
427 1302 673 1357 Ascanius,
702 1318 788 1364 per
810 1317 1026 1363 magnos,
1050 1301 1187 1356 Nise,
1217 1302 1436 1358 Penates,

212 1368 533 1430 Assaracique
556 1369 738 1424 Larem,
766 1377 814 1415 et
839 1384 972 1414 canae
998 1367 1256 1429 penetralia
1283 1371 1456 1427 Vestae,

210 1434 468 1492 Obtestor;
499 1452 801 1510 quaecunque
823 1436 936 1481 mihi
961 1434 1150 1481 fortuna
1176 1433 1397 1498 fidesque
1422 1445 1512 1495 est,

210 1500 260 1546 In
283 1501 445 1549 vestris
467 1519 593 1564 pono
617 1504 837 1565 gremiis:
861 1510 1083 1550 revocate
1109 1509 1373 1576 parentem,
1414 1502 1506 1552 261

209 1568 416 1615 Reddite
441 1579 784 1631 conspectum:
826 1569 941 1614 nihil
969 1569 1048 1614 illo
1074 1569 1203 1614 triste
1228 1578 1443 1645 recepto.

208 1633 321 1680 Bina
340 1635 467 1681 dabo
493 1644 689 1698 argento
711 1636 924 1710 perfecta
943 1644 1089 1697 atque
1110 1651 1279 1696 aspera
1305 1638 1446 1699 signis

208 1700 410 1759 Pocula,
434 1703 626 1749 devicta
645 1704 962 1777 ..genitorquae
1002 1702 1130 1764 cepit
1155 1703 1363 1757 Arisba,

208 1769 267 1814 Et
293 1768 508 1831 tripodas
535 1770 764 1832 geminos,
793 1771 892 1816 auri
919 1769 1016 1816 duo
1043 1785 1213 1831 magna
1238 1741 1444 1829 taletita;

207 1835 403 1882 Cratera
421 1837 689 1899 antiquum,
718 1853 859 1898 quem
875 1836 957 1883 dat
983 1834 1176 1883 Sidonia
1203 1836 1344 1883 Dido.

207 1902 252 1949 Si
276 1903 387 1950 vero
414 1919 586 1964 capere
616 1903 796 1950 Italiam
824 1902 1128 1965 sceptrisque
1154 1902 1295 1964 potiri

207 1969 475 2024 contigerit
499 1970 683 2028 victori,
712 1979 759 2017 et
780 1970 961 2033 praedae
987 1970 1160 2016 ducere
1181 1979 1380 2017 sortem:

206 2036 395 2093 Vidisti,
425 2053 522 2099 quo
548 2039 739 2084 Turnus
766 2053 911 2100 equo,
940 2037 1117 2100 quibus
1142 2037 1243 2083 ibat
1261 2037 1304 2083 in
1325 2038 1482 2086 armis.

204 2106 419 2151 Aureus?
438 2105 592 2165 ipsum
612 2104 986 2167 illum‚clypeum
1003 2104 1268 2165 cristasque
1287 2104 1514 2153 rubentes

205 2170 450 2232 Excipiam
478 2172 611 2226 sorti,
631 2171 733 2231 jam
759 2188 885 2218 nunc
912 2180 992 2217 tua
1021 2171 1232 2233 praemia,
1254 2170 1389 2217 Nise.
1415 2180 1511 2227 271

204 2236 439 2285 Praeterea
468 2238 538 2284 bis
566 2255 649 2285 sex
676 2241 863 2301 genitor
887 2238 1147 2285 lectissima
1174 2246 1377 2283 matrum

203 2304 433 2364 Corpora,
441 2305 752 2366 captivosque
771 2306 918 2360 dabit,
934 2305 1351 2367 suaqueomnibus
1364 2320 1496 2352 arma

207 2371 410 2432 insuper
437 2372 525 2427 bis,
549 2374 710 2434 campi
737 2373 865 2436 quod
892 2389 971 2419 rex
994 2372 1175 2418 habet
1165 2388 1266 2432 ipse
1292 2372 1512 2423 Latinus.

202 2435 271 2483 Te
299 2437 424 2496 vero,
453 2455 559 2485 mea
585 2455 728 2500 quem
752 2440 919 2502 spatiis
947 2439 1249 2501 propioribus
1271 2445 1393 2487 aetas

200 2500 495 2568 Insequitur,
525 2507 790 2554 uenerande
815 2523 951 2568 puer,
972 2505 1073 2568 jam
1101 2517 1301 2568 pectore
1333 2512 1434 2552 toto
