<?xml version="1.0" encoding="UTF-8"?>
<!DOCTYPE html PUBLIC "-//W3C//DTD XHTML 1.0 Transitional//EN"
    "http://www.w3.org/TR/xhtml1/DTD/xhtml1-transitional.dtd">
<html xmlns="http://www.w3.org/1999/xhtml" xml:lang="en" lang="en">
 <head>
  <title>
</title>
<meta http-equiv="Content-Type" content="text/html;charset=utf-8" />
  <meta name='ocr-system' content='tesseract 3.04.00' />
  <meta name='ocr-capabilities' content='ocr_page ocr_carea ocr_par ocr_line ocrx_word'/>
</head>
<body>
  <div class='ocr_page' id='page_1' title='image "./operaadfidemopti00virguoft/operaadfidemopti00virguoft_0364.png"; bbox 0 0 1586 2704; ppageno 0'>
   <div class='ocr_carea' id='block_1_1' title="bbox 182 29 1138 72">
    <p class='ocr_par' dir='ltr' id='par_1_1' title="bbox 182 29 1138 72">
     <span class='ocr_line' id='line_1_1' title="bbox 182 29 1138 72; baseline 0.007 -7"><span class='ocrx_word' id='word_1_1' title='bbox 182 29 265 66; x_wconf 71' lang='lat'>360</span> <span class='ocrx_word' id='word_1_2' title='bbox 509 38 557 70; x_wconf 86' lang='lat' dir='ltr'>P.</span> <span class='ocrx_word' id='word_1_3' title='bbox 597 35 838 70; x_wconf 84' lang='lat' dir='ltr'>VIRGILll</span> <span class='ocrx_word' id='word_1_4' title='bbox 881 36 1138 72; x_wconf 63' lang='lat' dir='ltr'>MAioele</span> 
     </span>
    </p>
   </div>
   <div class='ocr_carea' id='block_1_2' title="bbox 180 150 1466 408">
    <p class='ocr_par' dir='ltr' id='par_1_2' title="bbox 181 150 1462 269">
     <span class='ocr_line' id='line_1_2' title="bbox 181 150 1462 214; baseline 0.003 -16"><span class='ocrx_word' id='word_1_5' title='bbox 181 150 455 205; x_wconf 67' lang='lat' dir='ltr'>Consulem,</span> <span class='ocrx_word' id='word_1_6' title='bbox 495 158 638 211; x_wconf 79' lang='lat' dir='ltr'>atque</span> <span class='ocrx_word' id='word_1_7' title='bbox 680 167 842 195; x_wconf 88' lang='lat' dir='ltr'>omnes</span> <span class='ocrx_word' id='word_1_8' title='bbox 881 157 1164 195; x_wconf 83' lang='lat' dir='ltr'>metuentem</span> <span class='ocrx_word' id='word_1_9' title='bbox 1197 154 1462 214; x_wconf 83' lang='lat' dir='ltr'>expendere</span> 
     </span>
     <span class='ocr_line' id='line_1_3' title="bbox 311 227 1458 269; baseline 0.006 -9"><span class='ocrx_word' id='word_1_10' title='bbox 311 231 466 261; x_wconf 81' lang='lat' dir='ltr'>casuS.</span> <span class='ocrx_word' id='word_1_11' title='bbox 1402 227 1458 269; x_wconf 76' lang='lat'>‘21</span> 
     </span>
    </p>

    <p class='ocr_par' dir='ltr' id='par_1_3' title="bbox 181 280 1434 345">
     <span class='ocr_line' id='line_1_4' title="bbox 181 280 1434 345; baseline 0 -15"><span class='ocrx_word' id='word_1_12' title='bbox 181 284 300 330; x_wconf 83' lang='lat' dir='ltr'><strong>Sunt</strong></span> <span class='ocrx_word' id='word_1_13' title='bbox 324 282 403 327; x_wconf 79' lang='lat' dir='ltr'>tibi</span> <span class='ocrx_word' id='word_1_14' title='bbox 425 298 564 342; x_wconf 85' lang='lat' dir='ltr'>regna</span> <span class='ocrx_word' id='word_1_15' title='bbox 589 281 733 343; x_wconf 80' lang='lat' dir='ltr'>patris</span> <span class='ocrx_word' id='word_1_16' title='bbox 761 280 929 336; x_wconf 85' lang='lat' dir='ltr'>Dauni,</span> <span class='ocrx_word' id='word_1_17' title='bbox 957 289 1066 326; x_wconf 78' lang='lat' dir='ltr'>sunt</span> <span class='ocrx_word' id='word_1_18' title='bbox 1092 280 1268 340; x_wconf 85' lang='lat' dir='ltr'>oppida</span> <span class='ocrx_word' id='word_1_19' title='bbox 1293 295 1434 345; x_wconf 79' lang='lat' dir='ltr'>capta</span> 
     </span>
    </p>

    <p class='ocr_par' dir='ltr' id='par_1_4' title="bbox 180 348 1466 408">
     <span class='ocr_line' id='line_1_5' title="bbox 180 348 1466 408; baseline 0.002 -14"><span class='ocrx_word' id='word_1_20' title='bbox 180 348 335 394; x_wconf 85' lang='lat' dir='ltr'>Multa</span> <span class='ocrx_word' id='word_1_21' title='bbox 365 363 531 402; x_wconf 79' lang='lat' dir='ltr'>mann3</span> <span class='ocrx_word' id='word_1_22' title='bbox 569 364 656 394; x_wconf 88' lang='lat' dir='ltr'>nec</span> <span class='ocrx_word' id='word_1_23' title='bbox 683 364 771 393; x_wconf 85' lang='lat' dir='ltr'>non</span> <span class='ocrx_word' id='word_1_24' title='bbox 797 363 1055 406; x_wconf 84' lang='lat' dir='ltr'>aurumque</span> <span class='ocrx_word' id='word_1_25' title='bbox 1081 349 1355 408; x_wconf 77' lang='lat' dir='ltr'>animusque</span> <span class='ocrx_word' id='word_1_26' title='bbox 1376 351 1466 397; x_wconf 72' lang='lat' dir='ltr'>La·</span> 
     </span>
    </p>
   </div>
   <div class='ocr_carea' id='block_1_3' title="bbox 182 415 1386 540">
    <p class='ocr_par' dir='ltr' id='par_1_5' title="bbox 182 415 1386 540">
     <span class='ocr_line' id='line_1_6' title="bbox 315 415 526 460; baseline 0 -1"><span class='ocrx_word' id='word_1_27' title='bbox 315 415 413 459; x_wconf 83' lang='lat' dir='ltr'>tino</span> <span class='ocrx_word' id='word_1_28' title='bbox 438 423 526 460; x_wconf 86' lang='lat' dir='ltr'>est.</span> 
     </span>
     <span class='ocr_line' id='line_1_7' title="bbox 182 477 1386 540; baseline 0 -14"><span class='ocrx_word' id='word_1_29' title='bbox 182 480 302 528; x_wconf 87' lang='lat' dir='ltr'>Sunt</span> <span class='ocrx_word' id='word_1_30' title='bbox 321 481 423 526; x_wconf 84' lang='lat' dir='ltr'>aliae</span> <span class='ocrx_word' id='word_1_31' title='bbox 450 480 660 540; x_wconf 77' lang='lat' dir='ltr'>innuptae</span> <span class='ocrx_word' id='word_1_32' title='bbox 687 477 817 521; x_wconf 79' lang='lat' dir='ltr'>Latio</span> <span class='ocrx_word' id='word_1_33' title='bbox 840 484 887 521; x_wconf 89' lang='lat' dir='ltr'>et</span> <span class='ocrx_word' id='word_1_34' title='bbox 909 477 1220 523; x_wconf 72' lang='lat' dir='ltr'>Laurentibus</span> <span class='ocrx_word' id='word_1_35' title='bbox 1245 483 1386 540; x_wconf 80' lang='lat' dir='ltr'>agris,</span> 
     </span>
    </p>
   </div>
   <div class='ocr_carea' id='block_1_4' title="bbox 152 542 1472 2392">
    <p class='ocr_par' dir='ltr' id='par_1_6' title="bbox 152 542 1472 2392">
     <span class='ocr_line' id='line_1_8' title="bbox 181 542 1465 607; baseline 0.001 -15"><span class='ocrx_word' id='word_1_36' title='bbox 181 546 283 593; x_wconf 91' lang='lat' dir='ltr'>Nec</span> <span class='ocrx_word' id='word_1_37' title='bbox 306 562 450 607; x_wconf 86' lang='lat' dir='ltr'>genus</span> <span class='ocrx_word' id='word_1_38' title='bbox 473 545 733 590; x_wconf 72' lang='lat' dir='ltr'>indecores.</span> <span class='ocrx_word' id='word_1_39' title='bbox 801 544 907 587; x_wconf 54' lang='lat' dir='ltr'>&amp;ine</span> <span class='ocrx_word' id='word_1_40' title='bbox 924 559 1003 586; x_wconf 55' lang='lat' dir='ltr'>&gt;ine</span> <span class='ocrx_word' id='word_1_41' title='bbox 1029 542 1129 587; x_wconf 83' lang='lat' dir='ltr'>haec</span> <span class='ocrx_word' id='word_1_42' title='bbox 1156 546 1280 591; x_wconf 76' lang='lat' dir='ltr'>haud</span> <span class='ocrx_word' id='word_1_43' title='bbox 1306 546 1465 593; x_wconf 84' lang='lat' dir='ltr'>mollia</span> 
     </span>
     <span class='ocr_line' id='line_1_9' title="bbox 311 614 413 657; baseline 0 0"><span class='ocrx_word' id='word_1_44' title='bbox 311 614 413 657; x_wconf 81' lang='lat' dir='ltr'>fatu</span> 
     </span>
     <span class='ocr_line' id='line_1_10' title="bbox 183 673 1433 736; baseline 0.002 -13"><span class='ocrx_word' id='word_1_45' title='bbox 183 678 391 724; x_wconf 76' lang='lat' dir='ltr'>Sublatis</span> <span class='ocrx_word' id='word_1_46' title='bbox 417 675 594 736; x_wconf 78' lang='lat' dir='ltr'>aperire</span> <span class='ocrx_word' id='word_1_47' title='bbox 623 673 738 718; x_wconf 74' lang='lat' dir='ltr'>dolis</span> <span class='ocrx_word' id='word_1_48' title='bbox 816 674 868 719; x_wconf 85' lang='lat' dir='ltr'>si</span> <span class='ocrx_word' id='word_1_49' title='bbox 862 673 986 719; x_wconf 82' lang='lat' dir='ltr'>nul&#39;</span> <span class='ocrx_word' id='word_1_50' title='bbox 978 689 1080 719; x_wconf 84' lang='lat' dir='ltr'>naec</span> <span class='ocrx_word' id='word_1_51' title='bbox 1101 675 1257 721; x_wconf 81' lang='lat' dir='ltr'>animo</span> <span class='ocrx_word' id='word_1_52' title='bbox 1283 677 1433 726; x_wconf 85' lang='lat' dir='ltr'>hauri.</span> 
     </span>
     <span class='ocr_line' id='line_1_11' title="bbox 184 741 1305 801; baseline -0.003 -12"><span class='ocrx_word' id='word_1_53' title='bbox 184 744 266 789; x_wconf 89' lang='lat' dir='ltr'>Me</span> <span class='ocrx_word' id='word_1_54' title='bbox 293 754 444 789; x_wconf 77' lang='lat' dir='ltr'>natam</span> <span class='ocrx_word' id='word_1_55' title='bbox 469 741 585 786; x_wconf 77' lang='lat' dir='ltr'>nulli</span> <span class='ocrx_word' id='word_1_56' title='bbox 614 750 822 786; x_wconf 86' lang='lat' dir='ltr'>veterum</span> <span class='ocrx_word' id='word_1_57' title='bbox 847 741 1028 785; x_wconf 78' lang='lat' dir='ltr'>sociare</span> <span class='ocrx_word' id='word_1_58' title='bbox 1055 756 1305 801; x_wconf 86' lang='lat' dir='ltr'>procorum</span> 
     </span>
     <span class='ocr_line' id='line_1_12' title="bbox 182 805 1469 868; baseline 0 -14"><span class='ocrx_word' id='word_1_59' title='bbox 182 809 270 855; x_wconf 78' lang='lat' dir='ltr'>Fas</span> <span class='ocrx_word' id='word_1_60' title='bbox 293 818 407 861; x_wconf 80' lang='lat' dir='ltr'>erat,</span> <span class='ocrx_word' id='word_1_61' title='bbox 430 807 573 867; x_wconf 91' lang='lat' dir='ltr'>idque</span> <span class='ocrx_word' id='word_1_62' title='bbox 599 821 762 852; x_wconf 86' lang='lat' dir='ltr'>omnes</span> <span class='ocrx_word' id='word_1_63' title='bbox 785 805 985 867; x_wconf 86' lang='lat' dir='ltr'>Divique</span> <span class='ocrx_word' id='word_1_64' title='bbox 1003 806 1308 868; x_wconf 87' lang='lat' dir='ltr'>hominesque</span> <span class='ocrx_word' id='word_1_65' title='bbox 1329 823 1469 854; x_wconf 85' lang='lat' dir='ltr'>cane-</span> 
     </span>
     <span class='ocr_line' id='line_1_13' title="bbox 181 872 1467 936; baseline -0.001 -16"><span class='ocrx_word' id='word_1_66' title='bbox 181 875 352 921; x_wconf 88' lang='lat' dir='ltr'>Victns</span> <span class='ocrx_word' id='word_1_67' title='bbox 375 890 533 918; x_wconf 77' lang='lat' dir='ltr'>amore</span> <span class='ocrx_word' id='word_1_68' title='bbox 559 874 640 927; x_wconf 90' lang='lat' dir='ltr'>tui,</span> <span class='ocrx_word' id='word_1_69' title='bbox 660 880 865 933; x_wconf 82' lang='lat' dir='ltr'>cognato</span> <span class='ocrx_word' id='word_1_70' title='bbox 882 872 1105 932; x_wconf 81' lang='lat' dir='ltr'>sanguine</span> <span class='ocrx_word' id='word_1_71' title='bbox 1124 873 1294 930; x_wconf 84' lang='lat' dir='ltr'>victus,</span> <span class='ocrx_word' id='word_1_72' title='bbox 1314 875 1467 936; x_wconf 87' lang='lat' dir='ltr'>[bant.</span> 
     </span>
     <span class='ocr_line' id='line_1_14' title="bbox 182 938 1468 1001; baseline -0.004 -14"><span class='ocrx_word' id='word_1_73' title='bbox 182 940 413 1001; x_wconf 77' lang='lat' dir='ltr'>Conjugis</span> <span class='ocrx_word' id='word_1_74' title='bbox 440 952 487 985; x_wconf 88' lang='lat' dir='ltr'>et</span> <span class='ocrx_word' id='word_1_75' title='bbox 512 948 693 984; x_wconf 82' lang='lat' dir='ltr'>moestae</span> <span class='ocrx_word' id='word_1_76' title='bbox 722 938 958 999; x_wconf 76' lang='lat' dir='ltr'>lacrymis,</span> <span class='ocrx_word' id='word_1_77' title='bbox 985 938 1139 984; x_wconf 83' lang='lat' dir='ltr'>vincla</span> <span class='ocrx_word' id='word_1_78' title='bbox 1163 940 1322 986; x_wconf 86' lang='lat' dir='ltr'>omnia</span> <span class='ocrx_word' id='word_1_79' title='bbox 1346 940 1468 1000; x_wconf 80' lang='lat' dir='ltr'>rupi,</span> 
     </span>
     <span class='ocr_line' id='line_1_15' title="bbox 181 1004 1465 1066; baseline -0.001 -13"><span class='ocrx_word' id='word_1_80' title='bbox 181 1005 464 1053; x_wconf 82' lang='lat' dir='ltr'>Promissam</span> <span class='ocrx_word' id='word_1_81' title='bbox 491 1005 637 1066; x_wconf 83' lang='lat' dir='ltr'>eripui</span> <span class='ocrx_word' id='word_1_82' title='bbox 662 1019 849 1066; x_wconf 83' lang='lat' dir='ltr'>genero,</span> <span class='ocrx_word' id='word_1_83' title='bbox 875 1019 1000 1049; x_wconf 81' lang='lat' dir='ltr'>arma</span> <span class='ocrx_word' id='word_1_84' title='bbox 1027 1004 1168 1066; x_wconf 86' lang='lat' dir='ltr'>impia</span> <span class='ocrx_word' id='word_1_85' title='bbox 1193 1007 1355 1052; x_wconf 89' lang='lat' dir='ltr'>sumsi.</span> <span class='ocrx_word' id='word_1_86' title='bbox 1407 1012 1465 1054; x_wconf 74' lang='lat'>31</span> 
     </span>
     <span class='ocr_line' id='line_1_16' title="bbox 181 1071 1386 1134; baseline 0.001 -17"><span class='ocrx_word' id='word_1_87' title='bbox 181 1072 251 1117; x_wconf 86' lang='lat' dir='ltr'>Ex</span> <span class='ocrx_word' id='word_1_88' title='bbox 280 1073 355 1118; x_wconf 91' lang='lat' dir='ltr'>illo</span> <span class='ocrx_word' id='word_1_89' title='bbox 383 1073 462 1134; x_wconf 87' lang='lat' dir='ltr'>qui</span> <span class='ocrx_word' id='word_1_90' title='bbox 493 1087 563 1116; x_wconf 91' lang='lat' dir='ltr'>me</span> <span class='ocrx_word' id='word_1_91' title='bbox 587 1087 744 1128; x_wconf 86' lang='lat' dir='ltr'>casus,</span> <span class='ocrx_word' id='word_1_92' title='bbox 772 1085 896 1131; x_wconf 86' lang='lat' dir='ltr'>quae,</span> <span class='ocrx_word' id='word_1_93' title='bbox 922 1071 1098 1126; x_wconf 87' lang='lat' dir='ltr'>Turne,</span> <span class='ocrx_word' id='word_1_94' title='bbox 1126 1080 1386 1133; x_wconf 85' lang='lat' dir='ltr'>sequantur</span> 
     </span>
     <span class='ocr_line' id='line_1_17' title="bbox 181 1137 1379 1199; baseline -0.002 -13"><span class='ocrx_word' id='word_1_95' title='bbox 181 1140 330 1195; x_wconf 86' lang='lat' dir='ltr'>Bella,</span> <span class='ocrx_word' id='word_1_96' title='bbox 356 1139 512 1189; x_wconf 81' lang='lat' dir='ltr'>vides:</span> <span class='ocrx_word' id='word_1_97' title='bbox 554 1146 751 1199; x_wconf 81' lang='lat' dir='ltr'>quantos</span> <span class='ocrx_word' id='word_1_98' title='bbox 776 1139 951 1196; x_wconf 85' lang='lat' dir='ltr'>primus</span> <span class='ocrx_word' id='word_1_99' title='bbox 976 1137 1153 1196; x_wconf 74' lang='lat' dir='ltr'>patiare</span> <span class='ocrx_word' id='word_1_100' title='bbox 1178 1138 1379 1184; x_wconf 79' lang='lat' dir='ltr'>labores·</span> 
     </span>
     <span class='ocr_line' id='line_1_18' title="bbox 180 1203 1236 1265; baseline -0.002 -14"><span class='ocrx_word' id='word_1_101' title='bbox 180 1206 256 1251; x_wconf 87' lang='lat' dir='ltr'>Bis</span> <span class='ocrx_word' id='word_1_102' title='bbox 280 1205 445 1265; x_wconf 57' lang='lat' dir='ltr'>magnei</span> <span class='ocrx_word' id='word_1_103' title='bbox 470 1204 581 1250; x_wconf 81' lang='lat' dir='ltr'>victi</span> <span class='ocrx_word' id='word_1_104' title='bbox 608 1203 785 1265; x_wconf 56' lang='lat' dir='ltr'>pugna,</span> <span class='ocrx_word' id='word_1_105' title='bbox 812 1204 886 1248; x_wconf 89' lang='lat' dir='ltr'>vix</span> <span class='ocrx_word' id='word_1_106' title='bbox 913 1205 1026 1248; x_wconf 82' lang='lat' dir='ltr'>urbe</span> <span class='ocrx_word' id='word_1_107' title='bbox 1053 1211 1236 1249; x_wconf 81' lang='lat' dir='ltr'>tuemur</span> 
     </span>
     <span class='ocr_line' id='line_1_19' title="bbox 181 1268 1375 1332; baseline -0.001 -14"><span class='ocrx_word' id='word_1_108' title='bbox 181 1272 299 1332; x_wconf 83' lang='lat' dir='ltr'>Spes</span> <span class='ocrx_word' id='word_1_109' title='bbox 328 1271 497 1317; x_wconf 83' lang='lat' dir='ltr'>Italas:</span> <span class='ocrx_word' id='word_1_110' title='bbox 536 1270 746 1316; x_wconf 84' lang='lat' dir='ltr'>recalent</span> <span class='ocrx_word' id='word_1_111' title='bbox 770 1280 929 1318; x_wconf 83' lang='lat' dir='ltr'>nostro</span> <span class='ocrx_word' id='word_1_112' title='bbox 953 1268 1176 1313; x_wconf 86' lang='lat' dir='ltr'>Tiberina</span> <span class='ocrx_word' id='word_1_113' title='bbox 1200 1268 1375 1316; x_wconf 84' lang='lat' dir='ltr'>fluenta</span> 
     </span>
     <span class='ocr_line' id='line_1_20' title="bbox 179 1335 1470 1398; baseline 0 -13"><span class='ocrx_word' id='word_1_114' title='bbox 179 1336 598 1394; x_wconf 70' lang='lat' dir='ltr'>Sanguineadhuc,</span> <span class='ocrx_word' id='word_1_115' title='bbox 618 1335 1088 1398; x_wconf 75' lang='lat' dir='ltr'>campiqueingentes</span> <span class='ocrx_word' id='word_1_116' title='bbox 1101 1336 1281 1382; x_wconf 86' lang='lat' dir='ltr'>ossibus</span> <span class='ocrx_word' id='word_1_117' title='bbox 1293 1337 1470 1385; x_wconf 75' lang='lat' dir='ltr'>albent.</span> 
     </span>
     <span class='ocr_line' id='line_1_21' title="bbox 181 1400 1472 1463; baseline 0 -13"><span class='ocrx_word' id='word_1_118' title='bbox 181 1402 292 1458; x_wconf 64' lang='lat' dir='ltr'>Quo</span> <span class='ocrx_word' id='word_1_119' title='bbox 318 1403 494 1449; x_wconf 86' lang='lat' dir='ltr'>referor</span> <span class='ocrx_word' id='word_1_120' title='bbox 518 1403 686 1449; x_wconf 64' lang='lat' dir='ltr'>toties?</span> <span class='ocrx_word' id='word_1_121' title='bbox 730 1419 834 1463; x_wconf 87' lang='lat' dir='ltr'>quae</span> <span class='ocrx_word' id='word_1_122' title='bbox 863 1410 1064 1446; x_wconf 86' lang='lat' dir='ltr'>mentem</span> <span class='ocrx_word' id='word_1_123' title='bbox 1085 1400 1264 1448; x_wconf 80' lang='lat' dir='ltr'>insania</span> <span class='ocrx_word' id='word_1_124' title='bbox 1291 1403 1472 1450; x_wconf 62' lang='lat' dir='ltr'>mutat?</span> 
     </span>
     <span class='ocr_line' id='line_1_22' title="bbox 179 1469 1391 1529; baseline -0.001 -13"><span class='ocrx_word' id='word_1_125' title='bbox 179 1470 232 1517; x_wconf 89' lang='lat' dir='ltr'>Si</span> <span class='ocrx_word' id='word_1_126' title='bbox 257 1471 420 1516; x_wconf 86' lang='lat' dir='ltr'>Turno</span> <span class='ocrx_word' id='word_1_127' title='bbox 447 1469 659 1516; x_wconf 82' lang='lat' dir='ltr'>extincto</span> <span class='ocrx_word' id='word_1_128' title='bbox 686 1470 840 1515; x_wconf 89' lang='lat' dir='ltr'>socios</span> <span class='ocrx_word' id='word_1_129' title='bbox 867 1483 962 1512; x_wconf 89' lang='lat' dir='ltr'>sum</span> <span class='ocrx_word' id='word_1_130' title='bbox 990 1469 1146 1514; x_wconf 82' lang='lat' dir='ltr'>accire</span> <span class='ocrx_word' id='word_1_131' title='bbox 1171 1478 1391 1529; x_wconf 83' lang='lat' dir='ltr'>paratus;</span> 
     </span>
     <span class='ocr_line' id='line_1_23' title="bbox 181 1532 1274 1595; baseline 0 -13"><span class='ocrx_word' id='word_1_132' title='bbox 181 1536 278 1582; x_wconf 90' lang='lat' dir='ltr'>Cur</span> <span class='ocrx_word' id='word_1_133' title='bbox 302 1552 394 1582; x_wconf 85' lang='lat' dir='ltr'>non</span> <span class='ocrx_word' id='word_1_134' title='bbox 422 1535 641 1581; x_wconf 85' lang='lat' dir='ltr'>incolumi</span> <span class='ocrx_word' id='word_1_135' title='bbox 659 1535 817 1595; x_wconf 71' lang='lat' dir='ltr'>potius</span> <span class='ocrx_word' id='word_1_136' title='bbox 843 1532 1096 1580; x_wconf 81' lang='lat' dir='ltr'>certamina</span> <span class='ocrx_word' id='word_1_137' title='bbox 1124 1535 1274 1582; x_wconf 67' lang='lat' dir='ltr'>tollo?</span> 
     </span>
     <span class='ocr_line' id='line_1_24' title="bbox 158 1598 1471 1660; baseline 0.002 -14"><span class='ocrx_word' id='word_1_138' title='bbox 158 1602 305 1656; x_wconf 83' lang='lat' dir='ltr'>&#39;Quid</span> <span class='ocrx_word' id='word_1_139' title='bbox 332 1602 666 1660; x_wconf 79' lang='lat' dir='ltr'>consanguinei</span> <span class='ocrx_word' id='word_1_140' title='bbox 694 1600 870 1654; x_wconf 83' lang='lat' dir='ltr'>Rutuli,</span> <span class='ocrx_word' id='word_1_141' title='bbox 893 1598 1005 1660; x_wconf 89' lang='lat' dir='ltr'>quid</span> <span class='ocrx_word' id='word_1_142' title='bbox 1033 1608 1190 1646; x_wconf 82' lang='lat' dir='ltr'>cetera</span> <span class='ocrx_word' id='word_1_143' title='bbox 1214 1601 1343 1648; x_wconf 81' lang='lat' dir='ltr'>dicet</span> <span class='ocrx_word' id='word_1_144' title='bbox 1408 1608 1471 1649; x_wconf 78' lang='lat'>40</span> 
     </span>
     <span class='ocr_line' id='line_1_25' title="bbox 178 1664 1341 1727; baseline 0 -14"><span class='ocrx_word' id='word_1_145' title='bbox 178 1667 332 1722; x_wconf 77' lang='lat' dir='ltr'>Italia,</span> <span class='ocrx_word' id='word_1_146' title='bbox 359 1668 416 1714; x_wconf 82' lang='lat' dir='ltr'>ad</span> <span class='ocrx_word' id='word_1_147' title='bbox 445 1676 640 1712; x_wconf 90' lang='lat' dir='ltr'>mortem</span> <span class='ocrx_word' id='word_1_148' title='bbox 669 1666 705 1711; x_wconf 88' lang='lat' dir='ltr'>si</span> <span class='ocrx_word' id='word_1_149' title='bbox 733 1675 776 1713; x_wconf 87' lang='lat' dir='ltr'>te</span> <span class='ocrx_word' id='word_1_150' title='bbox 801 1667 935 1727; x_wconf 79' lang='lat' dir='ltr'>(Fors</span> <span class='ocrx_word' id='word_1_151' title='bbox 954 1664 1084 1711; x_wconf 87' lang='lat' dir='ltr'>dicta</span> <span class='ocrx_word' id='word_1_152' title='bbox 1110 1666 1281 1712; x_wconf 86' lang='lat' dir='ltr'>refutet</span> <span class='ocrx_word' id='word_1_153' title='bbox 1307 1668 1341 1726; x_wconf 89' lang='lat'>!)</span> 
     </span>
     <span class='ocr_line' id='line_1_26' title="bbox 178 1733 1471 1794; baseline 0.002 -15"><span class='ocrx_word' id='word_1_154' title='bbox 178 1733 493 1790; x_wconf 83' lang='lat' dir='ltr'>Prodiderim‚</span> <span class='ocrx_word' id='word_1_155' title='bbox 513 1742 668 1778; x_wconf 80' lang='lat' dir='ltr'>natam</span> <span class='ocrx_word' id='word_1_156' title='bbox 688 1742 733 1778; x_wconf 88' lang='lat' dir='ltr'>et</span> <span class='ocrx_word' id='word_1_157' title='bbox 753 1733 991 1779; x_wconf 83' lang='lat' dir='ltr'>connubia</span> <span class='ocrx_word' id='word_1_158' title='bbox 1014 1739 1172 1778; x_wconf 85' lang='lat' dir='ltr'>nostra</span> <span class='ocrx_word' id='word_1_159' title='bbox 1197 1742 1432 1794; x_wconf 86' lang='lat' dir='ltr'>petentem</span> <span class='ocrx_word' id='word_1_160' title='bbox 1453 1733 1471 1781; x_wconf 70' lang='grc' dir='ltr'>ἵ</span> 
     </span>
     <span class='ocr_line' id='line_1_27' title="bbox 178 1797 1305 1861; baseline -0.001 -15"><span class='ocrx_word' id='word_1_161' title='bbox 178 1799 379 1861; x_wconf 86' lang='lat' dir='ltr'>Respice</span> <span class='ocrx_word' id='word_1_162' title='bbox 403 1816 474 1846; x_wconf 87' lang='lat' dir='ltr'>res</span> <span class='ocrx_word' id='word_1_163' title='bbox 500 1799 622 1845; x_wconf 91' lang='lat' dir='ltr'>bello</span> <span class='ocrx_word' id='word_1_164' title='bbox 645 1800 794 1845; x_wconf 84' lang='lat' dir='ltr'>varias</span> <span class='ocrx_word' id='word_1_165' title='bbox 817 1815 828 1852; x_wconf 90' lang='lat'>;</span> <span class='ocrx_word' id='word_1_166' title='bbox 869 1797 1082 1844; x_wconf 88' lang='lat' dir='ltr'>miserere</span> <span class='ocrx_word' id='word_1_167' title='bbox 1103 1799 1305 1859; x_wconf 85' lang='lat' dir='ltr'>parentis</span> 
     </span>
     <span class='ocr_line' id='line_1_28' title="bbox 178 1866 1468 1928; baseline 0.002 -17"><span class='ocrx_word' id='word_1_168' title='bbox 178 1866 418 1927; x_wconf 84' lang='lat' dir='ltr'>Longaevi,</span> <span class='ocrx_word' id='word_1_169' title='bbox 440 1882 575 1926; x_wconf 86' lang='lat' dir='ltr'>quem</span> <span class='ocrx_word' id='word_1_170' title='bbox 599 1881 723 1910; x_wconf 87' lang='lat' dir='ltr'>nunc</span> <span class='ocrx_word' id='word_1_171' title='bbox 748 1873 960 1911; x_wconf 79' lang='lat' dir='ltr'>moestum</span> <span class='ocrx_word' id='word_1_172' title='bbox 984 1867 1138 1925; x_wconf 85' lang='lat' dir='ltr'>patria</span> <span class='ocrx_word' id='word_1_173' title='bbox 1160 1866 1310 1911; x_wconf 80' lang='lat' dir='ltr'>Ardea</span> <span class='ocrx_word' id='word_1_174' title='bbox 1331 1866 1468 1928; x_wconf 66' lang='lat' dir='ltr'>longe</span> 
     </span>
     <span class='ocr_line' id='line_1_29' title="bbox 178 1930 1416 1992; baseline 0.001 -15"><span class='ocrx_word' id='word_1_175' title='bbox 178 1931 378 1979; x_wconf 86' lang='lat' dir='ltr'>Dividit.</span> <span class='ocrx_word' id='word_1_176' title='bbox 450 1932 830 1992; x_wconf 77' lang='lat' dir='ltr'>Haudquaquam</span> <span class='ocrx_word' id='word_1_177' title='bbox 856 1931 999 1976; x_wconf 84' lang='lat' dir='ltr'>dictis</span> <span class='ocrx_word' id='word_1_178' title='bbox 1026 1930 1247 1977; x_wconf 83' lang='lat' dir='ltr'>violentia</span> <span class='ocrx_word' id='word_1_179' title='bbox 1270 1932 1416 1979; x_wconf 84' lang='lat' dir='ltr'>Turni</span> 
     </span>
     <span class='ocr_line' id='line_1_30' title="bbox 177 1997 1468 2059; baseline 0 -15"><span class='ocrx_word' id='word_1_180' title='bbox 177 1998 424 2045; x_wconf 71' lang='lat' dir='ltr'>flectitur:</span> <span class='ocrx_word' id='word_1_181' title='bbox 453 2006 708 2059; x_wconf 82' lang='lat' dir='ltr'>exsuperat</span> <span class='ocrx_word' id='word_1_182' title='bbox 723 1997 1468 2059; x_wconf 77' lang='lat' dir='ltr'>magis,aegrescitquemedendo.</span> 
     </span>
     <span class='ocr_line' id='line_1_31' title="bbox 176 2062 1468 2126; baseline -0.002 -14"><span class='ocrx_word' id='word_1_183' title='bbox 176 2065 242 2112; x_wconf 89' lang='lat' dir='ltr'>Ut</span> <span class='ocrx_word' id='word_1_184' title='bbox 269 2065 471 2126; x_wconf 73' lang='lat' dir='ltr'>primum</span> <span class='ocrx_word' id='word_1_185' title='bbox 496 2065 580 2110; x_wconf 83' lang='lat' dir='ltr'>fari</span> <span class='ocrx_word' id='word_1_186' title='bbox 609 2064 779 2124; x_wconf 86' lang='lat' dir='ltr'>potuit,</span> <span class='ocrx_word' id='word_1_187' title='bbox 804 2064 870 2108; x_wconf 86' lang='lat' dir='ltr'>sic</span> <span class='ocrx_word' id='word_1_188' title='bbox 896 2062 1063 2109; x_wconf 79' lang='lat' dir='ltr'>institit</span> <span class='ocrx_word' id='word_1_189' title='bbox 1087 2079 1197 2110; x_wconf 89' lang='lat' dir='ltr'>ore:</span> <span class='ocrx_word' id='word_1_190' title='bbox 1269 2065 1375 2126; x_wconf 85' lang='lat' dir='ltr'>[pro</span> <span class='ocrx_word' id='word_1_191' title='bbox 1397 2080 1468 2110; x_wconf 88' lang='lat' dir='ltr'>me</span> 
     </span>
     <span class='ocr_line' id='line_1_32' title="bbox 177 2129 1468 2193; baseline -0.002 -16"><span class='ocrx_word' id='word_1_192' title='bbox 177 2131 330 2185; x_wconf 83' lang='lat' dir='ltr'>Quam</span> <span class='ocrx_word' id='word_1_193' title='bbox 358 2147 444 2193; x_wconf 88' lang='lat' dir='ltr'>pro</span> <span class='ocrx_word' id='word_1_194' title='bbox 471 2148 542 2176; x_wconf 91' lang='lat' dir='ltr'>me</span> <span class='ocrx_word' id='word_1_195' title='bbox 569 2145 724 2175; x_wconf 88' lang='lat' dir='ltr'>curam</span> <span class='ocrx_word' id='word_1_196' title='bbox 752 2129 887 2191; x_wconf 82' lang='lat' dir='ltr'>geris,</span> <span class='ocrx_word' id='word_1_197' title='bbox 914 2130 1031 2174; x_wconf 78' lang='lat' dir='ltr'>lianc</span> <span class='ocrx_word' id='word_1_198' title='bbox 1059 2144 1244 2190; x_wconf 84' lang='lat' dir='ltr'>precor,</span> <span class='ocrx_word' id='word_1_199' title='bbox 1273 2129 1468 2192; x_wconf 84' lang='lat' dir='ltr'>optime,</span> 
     </span>
     <span class='ocr_line' id='line_1_33' title="bbox 174 2194 1467 2258; baseline -0.001 -15"><span class='ocrx_word' id='word_1_200' title='bbox 174 2197 420 2258; x_wconf 82' lang='lat' dir='ltr'>Deponas,</span> <span class='ocrx_word' id='word_1_201' title='bbox 445 2198 682 2258; x_wconf 84' lang='lat' dir='ltr'>letumque</span> <span class='ocrx_word' id='word_1_202' title='bbox 708 2196 834 2241; x_wconf 85' lang='lat' dir='ltr'>sinas</span> <span class='ocrx_word' id='word_1_203' title='bbox 857 2211 943 2256; x_wconf 84' lang='lat' dir='ltr'>pro</span> <span class='ocrx_word' id='word_1_204' title='bbox 969 2194 1110 2241; x_wconf 81' lang='lat' dir='ltr'>laude</span> <span class='ocrx_word' id='word_1_205' title='bbox 1137 2195 1332 2256; x_wconf 81' lang='lat' dir='ltr'>pacisci.</span> <span class='ocrx_word' id='word_1_206' title='bbox 1403 2203 1467 2255; x_wconf 76' lang='grc'>49</span> 
     </span>
     <span class='ocr_line' id='line_1_34' title="bbox 152 2260 1470 2325; baseline 0 -16"><span class='ocrx_word' id='word_1_207' title='bbox 152 2263 236 2321; x_wconf 50' lang='lat' dir='ltr'>,Et</span> <span class='ocrx_word' id='word_1_208' title='bbox 259 2279 344 2309; x_wconf 79' lang='lat' dir='ltr'>nos</span> <span class='ocrx_word' id='word_1_209' title='bbox 370 2263 479 2317; x_wconf 82' lang='lat' dir='ltr'>tela,</span> <span class='ocrx_word' id='word_1_210' title='bbox 507 2273 656 2325; x_wconf 83' lang='lat' dir='ltr'>pater,</span> <span class='ocrx_word' id='word_1_211' title='bbox 683 2260 952 2323; x_wconf 84' lang='lat' dir='ltr'>ferrumque</span> <span class='ocrx_word' id='word_1_212' title='bbox 974 2261 1096 2307; x_wconf 87' lang='lat' dir='ltr'>baud</span> <span class='ocrx_word' id='word_1_213' title='bbox 1123 2261 1282 2307; x_wconf 91' lang='lat' dir='ltr'>debile</span> <span class='ocrx_word' id='word_1_214' title='bbox 1307 2262 1470 2310; x_wconf 69' lang='lat' dir='ltr'>dextra</span> 
     </span>
     <span class='ocr_line' id='line_1_35' title="bbox 174 2325 1470 2392; baseline 0.001 -17"><span class='ocrx_word' id='word_1_215' title='bbox 174 2328 462 2392; x_wconf 77' lang='lat' dir='ltr'>Spargimu3‚</span> <span class='ocrx_word' id='word_1_216' title='bbox 487 2341 534 2376; x_wconf 86' lang='lat' dir='ltr'>et</span> <span class='ocrx_word' id='word_1_217' title='bbox 559 2336 723 2375; x_wconf 88' lang='lat' dir='ltr'>nostro</span> <span class='ocrx_word' id='word_1_218' title='bbox 749 2327 958 2390; x_wconf 87' lang='lat' dir='ltr'>sequitur</span> <span class='ocrx_word' id='word_1_219' title='bbox 974 2325 1032 2374; x_wconf 92' lang='lat' dir='ltr'>de</span> <span class='ocrx_word' id='word_1_220' title='bbox 1056 2327 1247 2374; x_wconf 87' lang='lat' dir='ltr'>vulnere</span> <span class='ocrx_word' id='word_1_221' title='bbox 1265 2329 1470 2391; x_wconf 82' lang='lat' dir='ltr'>sanguis.</span> 
     </span>
    </p>
   </div>
   <div class='ocr_carea' id='block_1_5' title="bbox 1557 0 1586 727">
    <p class='ocr_par' dir='ltr' id='par_1_7' title="bbox 1557 0 1586 727">
     <span class='ocr_line' id='line_1_36' title="bbox 1557 0 1586 727; baseline 0 1977"><span class='ocrx_word' id='word_1_222' title='bbox 1557 0 1586 727; x_wconf 95' lang='lat' dir='ltr'> </span> 
     </span>
    </p>
   </div>
  </div>
 </body>
</html>
