1614 2694
521 115 822 150 Bococh.
864 116 979 149 ECL.
1021 118 1075 150 x.
1419 111 1480 159 ‘29

168 213 292 261 Hinc
315 209 437 258 adeo
454 206 608 255 media
619 209 838 256 estnobis
857 209 954 255 via:
983 226 1191 272 namque
1204 211 1481 274 sepulcrum

170 277 338 340 Incipit
362 292 592 339 apparere
615 276 853 322 Bianoris:
894 276 989 332 hic,
1020 277 1098 322 ubi
1126 277 1299 324 densas
1419 277 1483 326 60

167 344 406 408 Agricolae
426 343 660 405 stringunt
686 343 897 398 frondes,
926 343 1020 398 hic,
1048 344 1202 400 Moeri,
1229 361 1482 393 canamus:

154 413 262 469 ,Hic
285 410 450 456 haedos
478 408 683 472 depone,
708 418 865 455 tamen
897 409 1136 456 veniemus
1164 411 1210 456 in
1238 413 1430 467 urbem3

167 478 265 525 Au't
290 477 345 534 si,
374 491 463 521 nox
489 476 699 537 pluviam
726 492 783 521 ne
809 476 1005 535 colligat
1025 479 1152 532 ante,
1180 493 1414 536 veremur,

172 545 435 591 Cantantes
461 542 577 589 licet
617 558 767 604 usque
800 543 975 600 (minsis
1016 543 1091 588 via
1116 543 1277 599 laedet)
1305 561 1482 594 eainuS.

167 611 425 657 Cantantes
453 617 503 655 ut
528 625 707 665 eamus,
737 625 825 670 ego
852 609 942 655 hoc
971 617 1017 655 te
1041 609 1169 656 fasce
1195 610 1382 657 levabo.

169 690 288 723 MOE.
360 676 537 722 Desine
562 676 716 738 plura,
758 691 894 737 puer;
925 683 971 722 et
1008 677 1135 738 qnod
1175 692 1300 723 nunc
1342 677 1485 726 instat

303 759 519 804 agamus.

170 809 392 857 Carmina
413 818 512 856 tum
540 807 717 865 melius,
757 808 865 854 cnm
893 808 1076 854 venerit
1097 807 1216 870 ipse,
1243 826 1485 860 canemuS.

577 947 825 991 GALLUS.
889 949 1019 992 ECL.
1055 950 1109 991 X.

174 1052 529 1112 EXTREMUM
568 1064 716 1121 hunc,
749 1064 1004 1119 Arethusa,
1036 1063 1151 1110 mihi
1175 1065 1388 1114 concede
1422 1067 1484 1114 la·

304 1131 488 1178 boren).

170 1199 329 1245 Pauca
356 1215 462 1245 meo
487 1198 648 1255 Gallo,
675 1197 757 1245 sed
782 1214 890 1260 quae
915 1197 1042 1259 legat
1066 1199 1171 1261 ipsa
1196 1198 1412 1261 Lycoris,

170 1265 396 1313 Carmina
410 1264 760 1312 suntdicenda:
787 1272 926 1324 neget
954 1265 1060 1326 quis
1078 1266 1285 1312 carmina
1307 1266 1486 1313 Gallo?

171 1332 248 1378 Sic
272 1332 373 1387 tibi,
401 1331 512 1377 cnm
540 1330 718 1378 flnctns
745 1331 1086 1378 subterlabere
1111 1332 1323 1389 Sicanos,

173 1398 312 1444 Doris
329 1414 489 1444 amara
515 1414 648 1443 snam
675 1415 769 1443 non
794 1398 1118 1444 intermisceat
1144 1398 1338 1445 undam.

173 1466 354 1527 Incipe,
380 1465 610 1510 sollicitos
639 1465 766 1510 Galli
791 1464 1007 1509 dicamus
1032 1480 1235 1521 amores,

174 1534 300 1579 Dum
329 1541 490 1578 tenera
516 1531 769 1576 attondent
792 1530 920 1575 simae
947 1530 1147 1591 virgulta
1175 1531 1390 1591 capellae.

172 1600 284 1646 Non
306 1598 519 1644 canimus
546 1596 715 1651 surdis,
742 1595 1039 1658 respondent
1065 1598 1227 1645 omnia
1252 1599 1398 1647 Silvae.

174 1666 297 1720 Quae
324 1680 534 1719 nemora,
562 1672 645 1710 aut
672 1665 754 1725 qui
779 1680 860 1709 vos
888 1663 1033 1710 saltus
1056 1664 1282 1721 habuere,
1322 1664 1490 1725 puellae

174 1732 401 1787 Naiades,
428 1731 622 1779 indiflno
642 1729 752 1776 enin
781 1730 951 1776 Gallus
976 1746 1135 1777 amore
1164 1733 1388 1793 peribat?
1434 1740 1491 1779 10

175 1798 300 1845 Nam
322 1814 478 1859 neque
502 1798 720 1844 Parnassi
743 1797 1028 1858 vobisjuga,
1053 1813 1157 1843 nam
1174 1815 1327 1861 neque
1350 1798 1491 1846 Pindi

176 1865 287 1911 Ulla
313 1881 491 1911 moram
515 1863 684 1920 fecere,
712 1880 867 1925 neque
896 1864 1046 1910 Aonie
1072 1866 1345 1928 Aganippe.

176 1931 315 1978 Illum
341 1931 484 1978 etiam
511 1930 643 1986 lauri,
671 1931 813 1978 etiam
840 1929 1009 1977 flevere
1033 1932 1241 1992 myricae.

177 1998 355 2045 Pinifer
379 1998 508 2044 illum
535 1998 681 2043 etiam
702 1998 803 2042 sola
829 1997 917 2042 sub
943 2012 1060 2058 rupe
1077 1996 1324 2057 jacentem

179 2065 432 2120 Maenalus,
454 2073 500 2110 et
521 2064 662 2126 gelidi
691 2062 919 2109 fleverunt
945 2080 1057 2110 saxa
1082 2065 1260 2126 Lycaei.

179 2132 315 2178 Stant
342 2139 388 2177 et
412 2147 527 2177 oves
554 2131 753 2186 circam,
779 2130 926 2176 nostri
950 2147 1037 2177 nec
1064 2132 1265 2192 poenitet
1289 2131 1420 2179 illas:

179 2198 281 2245 Nec
308 2207 351 2243 te
379 2198 606 2258 poeniteat
631 2197 835 2259 pecoris,
858 2197 1014 2243 divine
1040 2203 1203 2260 poeta.

179 2264 239 2310 Et
260 2263 495 2310 formosus
518 2280 631 2311 oves
656 2263 714 2310 ad
743 2263 930 2310 flumina
960 2264 1090 2325 pavit
1117 2263 1312 2312 Adonis.

180 2331 321 2377 Venit
347 2340 392 2377 et
414 2331 558 2391 upilio
581 2348 592 2385 ;
628 2330 751 2377 tardi
775 2332 942 2377 venere
970 2330 1165 2377 bubulci
1186 2348 1198 2385 ;

183 2396 368 2444 Uvidus
393 2398 605 2460 hyberna
631 2398 757 2443 venit
782 2396 842 2442 de
864 2397 1036 2458 glande
1063 2397 1326 2444 Menalcas.
1433 2405 1496 2446 20

184 2463 381 2520 Omnes,
402 2463 529 2511 unde
542 2480 674 2511 amor
688 2464 790 2520 iste,
803 2472 989 2526 rogant,
1009 2464 1123 2511 tim
1149 2465 1288 2511 Venit
1305 2464 1496 2527 Apollo.

187 2528 344 2586 Galle,
364 2530 477 2593 quid
503 2530 715 2578 insanis?
751 2531 928 2594 inqnit3
969 2540 1051 2578 tua
1072 2547 1186 2578 cuia
1215 2531 1410 2593 Lycoris
