1607 2700
621 89 877 126 AENEIDOS
917 91 1024 125 ΜΒ.
1053 91 1105 126 ν.
1378 89 1471 135 ‘207

184 215 192 226 '
252 217 346 263 Hic
371 215 516 278 patris
539 213 698 258 AEneae
726 227 1000 273 suspensam
1029 211 1207 259 blanda
1226 211 1426 258 vicissim

187 281 380 332 Gaudia
419 286 689 343 pertentant
714 286 947 328 mentem:
985 277 1127 338 jubet
1153 278 1303 342 ocyus
1329 295 1494 324 omnes

187 348 354 396 Attoni
378 345 542 400 malos,
570 344 753 391 intendi
778 343 974 390 brachia
998 344 1132 391 velis.
1401 353 1496 401 829

187 415 295 462 Una
313 429 475 460 omnes
499 411 651 458 fecere
676 411 876 473 pedem;
904 411 1174 473 pariterque
1199 410 1428 469 sinistros,

188 484 330 529 Nunc
360 479 552 525 dextros
586 479 771 525 solvere
796 479 953 535 sinus;
980 476 1073 524 una
1097 478 1246 525 ardua
1271 485 1497 540 torquent

189 549 393 602 Cornua,
424 545 837 608 detorquentque:
877 545 1035 592 ferunt
1059 561 1143 591 sua
1167 544 1354 592 flamina
1380 545 1497 591 clas-

318 629 436 659 sem.

187 680 415 742 Princeps
441 686 547 726 ante
573 695 737 726 omnes
763 678 963 725 densum
984 678 1236 724 Palinurus
1261 677 1432 737 agebat

188 750 403 808 Agmen:
431 745 489 792 ad
517 748 643 792 hunc
670 746 749 792 alii
774 762 962 792 cursum
988 743 1431 805 conte11derejussi.

253 813 459 874 Jamque
484 811 579 859 fere
606 812 807 859 mediam
837 813 943 858 coeli
970 813 1079 859 Nox
1105 811 1303 858 humida
1330 820 1499 857 metam

190 879 492 940 Contigerat;
514 879 709 942 placid-a
728 879 948 926 laxarant
971 879 1186 924 membra
1212 877 1370 940 quiete

191 946 292 992 Sub
316 945 458 992 remis
479 944 570 991 fusi
595 963 680 1008 per
698 947 816 992 dura
839 945 1003 992 sedilia
1027 954 1216 998 11autae3

191 1012 310 1058 Cum
338 1012 453 1059 levis
480 1013 680 1059 aetheriis
701 1012 926 1075 delapsus
953 1013 1155 1059 Somnus
1181 1011 1242 1058 ab
1268 1010 1405 1058 astris

192 1082 312 1124 Aera
334 1077 535 1125 dimovit
560 1081 884 1135 tenebrosum,
910 1087 959 1126 et
983 1078 1180 1142 dispulit
1206 1078 1414 1136 umbram,

191 1145 281 1201 Te,
306 1146 539 1203 Palinure,
562 1156 748 1209 petens,
774 1146 861 1193 tibi
886 1147 1036 1193 tristia
1062 1144 1241 1192 somnia
1265 1153 1455 1206 portans

192 1211 373 1258 Insonti
395 1229 406 1266 ;
438 1214 688 1276 puppique
713 1215 843 1260 Deus
870 1212 1092 1260 consedit
1115 1212 1161 1258 in
1187 1212 1296 1267 alta,
1410 1217 1495 1257 841

193 1278 457 1325 Phorbanta·
483 1280 656 1334 similis,
682 1280 903 1340 fuditque
930 1281 1011 1326 has
1037 1295 1118 1326 ore
1142 1279 1356 1340 loquelas
1379 1293 1390 1323 t

195 1344 355 1391 laside
381 1345 615 1401 Palinure,
643 1346 802 1393 serunt
826 1347 929 1410 ipsa
955 1362 1148 1408 aequora
1171 1347 1382 1401 classem,

197 1413 414 1472 AEqualae
441 1412 623 1473 spirant
647 1430 787 1469 aurae,
816 1414 957 1460 datur
982 1415 1097 1459 hora
1122 1413 1290 1475 quieti.

198 1478 328 1523 Pone
353 1487 515 1539 caput,
544 1478 786 1542 fessosque
807 1481 973 1527 oculos
994 1480 1149 1526 furare
1175 1478 1342 1525 labori.

199 1544 310 1606 Ipse
334 1561 425 1606 ego
449 1544 691 1608 paulisper
713 1563 802 1608 pro
829 1556 874 1593 te
900 1555 981 1593 tua
1007 1561 1203 1592 munera
1227 1545 1375 1592 inibo-

201 1611 291 1657 Cui
317 1611 392 1657 vix
418 1610 638 1658 attollens
662 1613 912 1659 Palinurus
937 1613 1116 1659 lumina
1141 1611 1266 1658 fatur
1289 1629 1300 1659 ε

200 1678 340 1723 Mene
370 1677 476 1723 salis
502 1678 680 1740 placidi
706 1680 888 1727 vultum
910 1679 1178 1740 fluctusque
1199 1679 1388 1740 quietos

201 1745 419 1801 Ignorare
437 1743 615 1805 jubes?
644 1763 776 1793 mene
803 1746 914 1794 huic
940 1744 1183 1793 confidere
1208 1746 1456 1791 monstro?

199 1811 395 1857 AEneam
421 1811 612 1859 credam
639 1813 751 1876 quid
775 1814 896 1860 enim
915 1813 1162 1860 fallacibus
1184 1812 1386 1868 Austris,
1416 1819 1511 1860 850

200 1877 262 1923 Et
281 1876 390 1923 coeli
410 1877 549 1924 toties
568 1879 801 1944 deceptus
828 1880 995 1927 fraude
1015 1877 1202 1926 sereni?

199 1943 337 1990 Talia
361 1943 491 1990 dicta
515 1944 691 1993 dabat:
720 1947 1002 2008 clavumque
1028 1946 1196 1992 affixus
1221 1953 1268 1992 et
1292 1946 1478 1992 haereus

201 2009 452 2072 Nusquam
473 2012 744 2068 amittebat,
764 2015 1026 2077 oculosque
1047 2014 1135 2059 sub
1152 2020 1273 2058 astra
1298 2012 1512 2058 tenebat.

203 2075 333 2122 Ecce
358 2077 490 2124 Deus
515 2095 693 2127 ramum
723 2080 917 2127 Lethaeo
942 2097 1048 2128 rore
1074 2079 1360 2134 madentem,

205 2141 359 2204 Vique
385 2156 659 2206 soporatum
687 2148 864 2210 Sthia,
891 2164 1034 2210 super
1059 2156 1257 2208 utraque
1283 2151 1481 2207 quassat

204 2207 474 2270 Tempora;
502 2217 844 2276 cunctantique
869 2215 1080 2261 natantia
1108 2213 1282 2259 lumina
1307 2212 1461 2258 solvit.

206 2274 298 2320 Vix
325 2276 499 2336 primos
526 2281 720 2343 inopina
745 2282 876 2344 quies
902 2282 1142 2328 laxaverat
1167 2289 1312 2335 artus,

208 2339 271 2385 Et
308 2357 449 2403 super
472 2344 767 2405 incunibenS,
797 2364 905 2394 cum
946 2349 1120 2410 puppis
1146 2354 1281 2409 parte
1308 2344 1511 2400 revulsa,

208 2408 427 2469 Cumque
451 2415 759 2471 gubernaclo,
786 2414 987 2475 liquidas
1014 2413 1212 2475 projecit
1240 2413 1284 2458 in
1314 2412 1459 2457 undas

210 2473 527 2536 Praet'ipilem,
540 2496 594 2526 ac
608 2482 766 2527 socios
781 2481 1091 2542 nequicquam
1108 2496 1232 2542 sa‘pe
1249 2488 1512 2524 vocantem.
