1614 2694
221 79 286 127 36
555 90 601 124 Ρ.
645 86 893 124 viae-inu
936 86 1206 123 MARoNis

222 186 308 235 Ille
335 188 510 234 malum
530 187 654 233 virus
681 186 978 250 serpentibus
994 186 1180 234 addidit
1205 186 1336 244 atris,

223 254 527 316 Praedarique
552 253 688 316 lupos
706 253 865 314 jussit,
893 261 1189 315 pontumque
1215 252 1410 309 moveri,
1443 260 1533 301 130

224 321 469 382 Mellaque
487 319 701 367 decussit
716 320 859 376 foliis,
886 321 1138 382 ignemque
1159 319 1380 375 removit,

223 387 287 433 Et
311 387 486 450 passim
509 386 617 433 rivis
644 387 887 433 currentia
912 387 1022 433 vina
1044 388 1293 449 repressit:

225 453 291 500 Ut
315 454 463 500 varias
487 471 598 500 usus
627 453 903 500 meditando
929 453 1212 500 extunderet
1230 462 1354 500 artes

223 520 476 576 Paulatim,
504 528 551 567 et
573 521 711 566 sulcis
737 519 959 566 frumenti
986 530 1219 581 quaereret
1247 520 1457 575 herbam,

224 588 285 633 Et
308 587 448 634 silicis
472 586 600 633 venis
626 587 894 632 abstrusum
922 587 1180 632 excuderet
1204 588 1381 648 ignem.

219 655 365 700 Tunc
386 655 521 700 alnos
548 653 753 715 primum
781 652 912 699 fluvii
937 669 1122 698 sensere
1144 662 1368 699 cavatas:

223 721 399 767 Navita
424 729 520 766 tum
544 720 691 765 stellis
720 735 940 765 numeros
966 728 1011 765 et
1038 720 1226 765 nomina
1253 720 1384 776 fecit,

224 787 462 841 Pleiadas,
491 786 705 847 Hyadas,
731 786 1005 847 claramque
1031 786 1270 847 Lycaonis
1297 789 1502 834 Arcton.

223 853 350 900 Tum
375 853 559 915 laqueis
580 862 771 914 captare
793 852 931 907 feras,
958 862 1003 899 et
1029 836 1185 898 fallere
1208 855 1337 899 visco

224 921 491 975 Inventum,
518 926 566 966 et
591 935 785 980 magnos
812 919 1008 965 canibus
1042 919 1338 967 circumdare
1373 921 1532 966 saltus.

222 988 382 1048 Atque
402 987 521 1033 alius
540 986 688 1033 latum
709 985 970 1047 fundajam
984 986 1198 1032 verberat
1214 1003 1418 1042 amnem,
1445 994 1528 1033 141

223 1055 336 1100 Alta
361 1061 556 1116 petens;
601 1056 867 1115 pelagoque
891 1053 1009 1098 alius
1038 1053 1181 1099 trahit
1206 1053 1400 1099 humida
1422 1053 1532 1099 lina.

222 1121 349 1167 Tum
368 1119 477 1166 ferri
503 1119 644 1181 rigor,
672 1129 815 1180 atque
841 1128 1020 1180 argutae
1046 1119 1218 1165 lamina
1243 1136 1402 1175 serrae3

224 1187 366 1244 (Nam
389 1185 525 1248 primi
552 1186 718 1232 cuncis
744 1185 1029 1232 scindebant
1056 1185 1197 1232 fissile
1223 1187 1419 1247 lignum)

223 1253 348 1299 Tum
373 1252 512 1299 variae
536 1254 704 1299 venere
728 1264 866 1299 artes,
941 1253 1099 1299 Labor
1120 1253 1279 1299 onmia
1304 1253 1451 1300 vincit

224 1320 498 1380 mprobus,
522 1328 570 1364 et
594 1318 726 1364 duris
755 1336 921 1381 urgens
941 1320 984 1364 in
1013 1319 1154 1365 rebus
1179 1328 1379 1380 egestas.

291 1387 447 1432 Prima
472 1385 616 1432 Ceres
640 1384 762 1430 ferro
781 1386 999 1432 mortales
1023 1397 1203 1432 vertere
1232 1396 1402 1432 terram

223 1454 470 1506 Instituit;
514 1468 622 1496 curn
643 1451 799 1513 jam
775 1452 968 1497 claudes
994 1460 1139 1512 atque
1165 1453 1338 1499 arbuta
1363 1468 1513 1499 sacrae

230 1489 499 1566 Deficereiit
521 1518 667 1572 silv,ae
695 1526 740 1563 et
765 1520 940 1563 victum
972 1518 1180 1564 Dodona
1206 1528 1415 1578 negaret.

226 1587 343 1632 Mox
370 1594 418 1631 et
443 1585 687 1630 frunentis
707 1584 844 1629 labor
868 1584 1083 1637 ·1dditus;
1125 1593 1178 1631 ut
1205 1586 1329 1631 mala
1354 1585 1537 1632 culmos

225 1654 359 1700 Esset
378 1651 512 1699 rubi
494 1666 565 1707 -1ο,
593 1665 655 1696 se
647 1667 687 1694 «ν
647 1650 797 1711 ἶ,ῑί5(]·
791 1667 844 1695 ie
872 1651 1113 1696 horreret
1103 1667 1147 1696 ιι
1175 1651 1298 1697 arvis
1443 1659 1529 1699 151

224 1719 472 1766 Carduus:
516 1685 750 1762 intereunt
776 1728 971 1779 segetes,
999 1718 1128 1764 subit
1145 1734 1312 1779 aspera
1335 1718 1467 1774 silva,

224 1787 524 1846 Lappaeque,
552 1783 835 1845 tribulique:
877 1785 1090 1845 interque
1117 1785 1310 1830 nitentia
1338 1785 1469 1832 culta

225 1853 393 1898 Infelix
420 1851 579 1897 lolium
606 1858 654 1895 et
679 1850 857 1896 steriles
882 1850 1187 1896 dominantur
1212 1867 1391 1897 avenae.

225 1917 373 1974 Quod
399 1918 487 1964 nisi
508 1924 557 1963 et
577 1917 779 1963 assiduis
806 1925 974 1962 terrain
1002 1917 1296 1964 insectabere
1323 1917 1501 1973 rastris,
1533 1920 1536 1922 ’

225 1986 288 2031 Et
305 1983 464 2031 sonitu
491 1983 690 2030 terrebis
710 2000 836 2038 aves,
862 1990 911 2029 et
934 1984 1051 2030 ruris
1077 1985 1214 2045 opaci

227 2051 369 2098 Falce
388 2067 570 2112 premes
596 2050 805 2104 umbraS,
820 2050 1034 2113 votisque
1053 2050 1292 2096 vocaveris
1307 2050 1535 2098 imbrem:

226 2118 353 2175 Heu,
381 2133 601 2178 magnum
628 2116 819 2162 alterius
834 2116 1008 2162 frustra
1035 2116 1276 2179 spectabis
1293 2132 1534 2172 acervum,

227 2184 572 2246 Concussaque
596 2181 769 2229 famem
796 2182 842 2228 in
869 2183 993 2229 silvis
1019 2183 1235 2229 solabere
1261 2199 1456 2245 quercu.

294 2249 565 2298 Dicendum
591 2257 639 2296 et
663 2265 770 2312 quae
788 2250 883 2295 sint
907 2249 1039 2296 duris
1062 2249 1327 2311 agrestibus
1344 2264 1503 2304 armen

227 2317 380 2372 Queis
392 2316 604 2372 sinente«)
617 2324 813 2377 potuere
823 2315 1021 2373 seri,nec
1034 2333 1226 2379 surgere
1235 2332 1429 2363 messes.
1446 2312 1530 2362 161

228 2383 407 2438 vomis,
434 2382 659 2429 etiuflexi
676 2382 882 2444 primum
910 2396 1051 2445 grave
1075 2386 1222 2429 robur
1244 2382 1405 2439 aratri,

225 2448 488 2511 Tardaque
509 2449 745 2495 Eleusina:
761 2449 920 2495 matris
945 2449 1179 2496 volventia
1204 2450 1436 2512 plaustra,

225 2515 524 2578 Tribulaque
550 2515 837 2578 traheaeque,
875 2524 923 2563 et
948 2516 1110 2578 iniquo
1136 2516 1346 2579 pondere
1374 2514 1535 2572 rastri}
