1607 2700
591 47 852 81 AENssmos
882 49 987 82 mn.
1032 48 1105 80 ιν.
1400 43 1488 88 179

189 160 325 209 Idem
348 179 509 209 omnes
534 164 673 210 simul
699 163 843 209 ardor
866 164 1043 219 habet;
1083 165 1381 228 rapiuntque,
1411 181 1485 210 ru-

317 236 494 289 untque
514 246 526 282 2

184 294 368 340 Littora
391 295 636 341 deseruere
658 312 669 341 :
706 295 821 341 latet
842 296 930 341 sub
958 295 1186 341 classibus
1211 313 1376 356 aequor
1393 332 1405 342 .

182 360 357 406 Adnixi
381 369 605 423 torquent
630 377 840 423 spumas,
865 369 913 407 et
933 362 1108 407 coerula
1134 375 1337 407 verrunt.

249 427 307 472 Et
323 427 429 488 jam
453 427 601 489 prima
627 444 750 473 novo
777 429 1029 489 spargebat
1055 427 1229 472 lumine
1251 436 1397 474 terras

178 491 374 538 Tithoni
399 509 620 540 croceum
643 495 858 556 linquens
884 498 1066 539 Aurora
1090 493 1271 538 cubile:

178 557 361 617 Regina
384 576 409 605 e
435 561 636 621 speculis
663 570 711 607 ut
736 560 937 622 primum
955 560 1194 606 albescere
1217 559 1374 605 lucem

178 623 328 680 Vidit,
354 633 402 672 et
425 627 626 687 aequatis
648 627 848 673 classem
876 625 1135 687 procedere
1161 625 1288 678 velis,

179 688 455 753 Litteraque
475 701 521 738 et
545 709 722 739 vacuos
745 692 888 739 sensit
906 692 1004 738 sine
1026 692 1198 752 remige
1222 698 1415 753 portus3

175 756 365 818 Terque
380 767 646 820 quaterque
659 776 799 805 manu
813 767 980 819 pectus
998 774 1224 820 percussa
1236 758 1480 812 decorum,

177 822 520 886 Flaveutesque
540 826 751 871 abscissa
776 841 935 870 comas
956 842 966 870 ε
1005 825 1129 870 Proh
1153 824 1368 885 Jupiter!
1397 824 1483 869 ibit

177 889 288 942 Hic,
310 891 391 946 ait,
419 901 466 938 et
491 893 662 938 nostris
688 891 883 937 illuserit
906 890 1086 936 advena
1111 890 1298 950 regnis?
1387 897 1473 946 59¹

176 955 282 1001 Non
308 974 436 1003 arma
456 958 727 1020 expedient,
755 958 948 1019 totaque
973 974 1028 1002 ex
1067 957 1182 1002 urbe
1203 965 1464 1018 sequentur

175 1021 454 1084 Deripientq
465 1041 521 1070 ue
541 1033 664 1070 rates
690 1024 766 1069 alii
786 1023 1031 1069 navalibus
1051 1023 1069 1069 7.
1105 1023 1184 1078 ite,

175 1088 309 1134 Ferte
329 1089 411 1135 citi
432 1089 664 1145 flammas,
690 1090 801 1136 date
827 1090 943 1145 vela,
971 1089 1199 1151 impellite
1225 1103 1396 1133 remos.

172 1152 302 1207 Quid
328 1156 529 1217 loquor}
565 1164 647 1203 aut
666 1156 748 1202 ubi
770 1157 908 1202 sum?
946 1171 1054 1216 quae
1075 1163 1275 1201 mentem
1302 1153 1480 1199 insama

177 1219 341 1266 Infelix
363 1223 514 1269 Dido!
543 1236 666 1267 nunc
681 1228 728 1264 te
746 1218 872 1263 facta
890 1220 1031 1279 impia
1053 1226 1267 1275 tangunt.
1308 1217 1510 1276 [mutati

172 1275 300 1323 Tum
327 1279 505 1337 decuit,
525 1281 632 1328 cum
650 1290 837 1344 sceptra
855 1283 1028 1335 dabas„
1058 1284 1128 1331 En
1148 1283 1311 1328 dextra
1338 1280 1488 1327 fides-

173 1341 326 1395 Quem
349 1362 510 1392 secum
530 1348 704 1408 patrios
724 1349 852 1393 aiunt
873 1357 1059 1408 portare
1081 1348 1312 1395 Penates!
1334 1347 1447 1408 [que

173 1408 326 1461 Quem
342 1412 547 1458 subiisse
560 1413 765 1459 humeris
779 1414 1045 1459 confectum
1060 1425 1199 1459 aetate
1215 1422 1459 1474 parentem

172 1475 281 1521 Non
302 1477 438 1538 potui
453 1478 702 1540 abreptum
722 1479 944 1525 divellere
961 1495 1135 1540 corpus
1154 1489 1200 1524 et
1219 1477 1354 1524 undis
1382 1478 1445 1523 (js)

170 1542 434 1603 Spargere?
469 1560 559 1589 non
577 1545 750 1600 socios,
778 1562 871 1590 non
899 1545 1052 1607 ipsum
1075 1545 1324 1590 absumere
1351 1543 1446 1590 ferr

168 1609 446 1664 Ascanium,
475 1611 736 1672 patriisque
760 1611 1048 1672 epulandum
1070 1626 1242 1672 ponere
1269 1611 1462 1662 mensm

168 1673 342 1720 Verum
368 1691 546 1740 anceps
571 1693 742 1739 pugnae
766 1676 919 1723 fuerat
944 1677 1161 1723 fortuna!
1199 1675 1364 1722 fuisset
1385 1693 1395 1727 ;

169 1741 323 1795 Quem
349 1743 497 1789 metui
522 1743 787 1790 moritura?
843 1743 973 1789 faces
997 1743 1043 1788 in
1069 1750 1222 1789 castra
1246 1742 1473 1798 tulissem,

170 1807 544 1872 Implessemque
577 1810 704 1856 foros
743 1809 958 1867 flammis,
986 1818 1245 1871 natumque
1271 1817 1456 1870 patrem

301 1890 395 1936 que

170 1939 469 2003 Cumgenere
486 1941 721 1990 extinxem
739 1959 749 1988 :
769 1951 939 1988 memet
954 1941 1204 2003 superipsa
1222 1939 1474 1988 dedissem.

170 2006 271 2062 Sol,
298 2008 378 2068 qui
404 2018 631 2054 terrarum
654 2007 852 2054 flammis
876 2024 1018 2069 opera
1042 2007 1200 2053 omnia
1220 2008 1406 2061 lustras,

168 2072 346 2134 Tuque
366 2074 530 2120 harum
549 2075 778 2136 interpres
796 2091 1033 2130 curarum,
1061 2082 1107 2120 et
1125 2073 1472 2129 consciaJuno,

170 2138 527 2202 Nocturnisque
553 2141 739 2188 Hecate
760 2141 909 2186 triviis
936 2141 1112 2186 ululata
1133 2156 1217 2202 per
1243 2140 1402 2192 urbes,

169 2205 230 2251 Et
256 2205 383 2252 Dirae
408 2207 620 2263 ultrices,
647 2217 692 2253 et
715 2208 775 2253 Di
798 2207 1034 2253 morientis
1059 2207 1240 2261 Elissae,
1372 2208 1472 2253 610

169 2272 392 2334 Accipite
412 2273 528 2329 haec,
554 2273 867 2334 meritumque
884 2273 1020 2319 malis
1036 2272 1259 2318 advertite
1278 2287 1469 2326 numen,

169 2337 229 2383 Et
254 2350 437 2385 nostras
461 2339 621 2386 audite
646 2355 828 2402 preces.
900 2340 946 2386 Si
968 2347 1156 2399 tangere
1178 2347 1340 2400 portus

170 2402 421 2451 infandum
447 2413 608 2468 caput,
629 2421 684 2453 ac
710 2405 841 2454 terris
868 2404 1042 2454 adnare
1063 2420 1245 2450 necesse
1269 2413 1371 2457 est3
