1586 2704
540 103 804 140 AExmnos
839 105 949 138 mn.
987 104 1038 138 X.
1342 101 1445 151 309

140 218 305 272 Qualis
321 233 510 279 gemma
535 217 696 276 micat,
714 215 898 264 fulvum
924 233 1032 278 quae
1058 217 1229 264 dividit
1252 234 1436 276 aurum,

139 288 236 332 Aut
261 284 385 331 collo
409 282 573 340 decus,
600 292 684 331 aut
710 283 889 346 capiti:
929 284 1000 329 vel
1025 283 1160 344 quale
1178 300 1262 346 per
1286 293 1436 332 artem

141 350 382 396 Inclusum
408 349 554 404 buxo,
579 359 663 397 aut
683 348 847 396 Oricia
872 348 1138 394 terebintho

141 416 289 462 Lucet
313 415 447 462 ebur.
518 415 663 462 Fusos
688 415 845 462 cervix
871 414 948 461 cui
973 414 1123 460 lactea
1150 415 1298 461 crines

140 481 332 542 Accipit
354 489 402 527 et
427 480 554 528 molli
580 481 821 527 subnectit
845 481 1050 527 circulus
1071 496 1199 526 auro.

135 546 206 593 Te
231 563 423 610 quoque
449 548 758 609 magnanimae
784 547 1022 602 viderunt,
1047 546 1236 602 Ismare,
1257 556 1420 606 gentes

143 612 342 658 Vulnera
366 612 584 675 dirigere,
610 623 655 660 et
674 613 881 659 calamos
906 628 1084 658 armare
1111 629 1308 669 venenu,
1349 620 1440 662 140

139 678 349 725 Maeonia
374 695 598 742 generose
622 680 794 726 domo:
834 680 913 725 ubi
942 679 1129 740 pinguia
1155 679 1285 725 culta

137 743 468 807 Exercentque
493 746 595 800 viri,
624 746 940 807 Pactolusque
962 746 1118 805 irrigat
1141 761 1273 791 auro.

138 809 287 857 Affuit
313 820 358 857 et
384 813 685 869 Mnestheus,
712 829 851 872 quem
882 812 1005 872 pulsi
1037 812 1229 873 pristina
1253 811 1406 858 Turni

138 878 323 937 Aggere
349 893 598 924 moerorum
627 878 874 924 sublimem
903 877 1048 935 gloria
1073 877 1225 924 tollit:

138 941 201 988 Et
226 942 388 1006 Capys
410 961 422 998 3
462 944 568 991 hinc
594 960 766 990 nomeu
795 945 1050 1002 Campanae
1078 943 1272 990 ducitur
1297 944 1416 991 urbi.

201 1006 273 1054 Illi
299 1009 419 1056 inter
443 1026 543 1056 sese
570 1009 676 1057 duri
702 1010 953 1056 certamina
980 1009 1088 1054 belli

139 1074 451 1122 Contuleraut
473 1093 485 1131 ;
525 1077 678 1122 media
703 1077 869 1121 AEneas
898 1075 1016 1121 freta
1042 1082 1184 1121 nocte
1209 1075 1423 1122 secabat.

136 1138 357 1204 Namque
386 1151 436 1188 ut
460 1142 520 1188 ab
547 1142 766 1188 Evandro
784 1142 948 1188 castris
966 1142 1208 1204 ingressus
1228 1142 1440 1188 Etruscis

137 1207 312 1269 Regem
333 1206 450 1265 adit,
465 1216 508 1254 et
525 1209 620 1271 regi
640 1217 869 1254 memorat
889 1224 1154 1269 nomenque
1170 1224 1438 1270 genusque3

139 1272 329 1325 Quidve
356 1282 505 1334 petat,
525 1275 696 1335 quidve
723 1275 822 1335 ipse
850 1273 982 1331 ferat,
1009 1273 1276 1320 Mezentius
1311 1290 1441 1320 arma

138 1340 259 1392 Qnae
277 1340 365 1385 sibi
385 1341 630 1397 conciliet,
647 1341 950 1400 violentaque
969 1340 1324 1402 pectoraTurni
1348 1345 1434 1387 151

140 1405 354 1459 Eunoen
394 1407 610 1452 humanis
637 1423 743 1468 quae
770 1407 826 1452 sit
852 1406 1025 1452 fiducia
1053 1406 1193 1452 rebus
1230 1403 1440 1469 [Tarcho

135 1470 394 1529 Admonet,
421 1473 746 1534 immiscetque
773 1488 965 1534 preces:
1007 1472 1130 1518 haud
1158 1471 1211 1518 fit
1237 1488 1384 1528 mora,

135 1537 298 1599 Jungit
323 1554 456 1600 opeS,
483 1537 736 1601 foedusque
763 1540 885 1584 serit.
956 1538 1077 1584 Tum
1105 1538 1253 1584 libera
1281 1538 1369 1585 fati

137 1603 345 1650 Classem
372 1605 669 1662 conscendit,
687 1605 832 1665 jussis
853 1621 966 1666 gens
994 1603 1145 1666 Lydia
1171 1603 1350 1650 Divfim

135 1671 344 1717 Externo
369 1671 620 1716 commissa
646 1671 778 1718 duci.
849 1671 1009 1717 AEneia
1036 1670 1215 1733 puppis

135 1737 288 1783 Prima
314 1745 458 1794 tenet,
483 1745 636 1783 rostro
664 1737 892 1799 Phrygios
918 1736 1179 1796 subjuncta
1205 1735 1393 1789 leones;

136 1802 351 1849 imminet
380 1803 467 1850 Ida
488 1819 644 1864 super,
669 1803 887 1865 profugis
911 1803 1176 1864 gratissima
1202 1802 1427 1848 Teucris.

138 1868 233 1915 Hic
259 1885 452 1932 magnus
478 1869 613 1916 sedet
638 1870 822 1925 AEneas,
845 1885 1096 1931 secumque
1122 1869 1306 1915 volutat

134 1935 346 1982 Eventus
373 1935 482 1982 belli
506 1937 656 1981 varios
682 1952 693 1988 ;
729 1935 980 1996 Pallasque
1007 1935 1195 1981 sinistro
1351 1932 1440 1983 160

135 2000 315 2047 Affixus
340 2002 486 2056 lateri,
506 2001 608 2062 jam
638 2002 808 2063 quaerit
832 2002 1000 2057 sidera,
1027 2017 1191 2063 opacae

136 2068 307 2114 Noctis
331 2068 442 2122 iter;
472 2067 573 2128 jam
604 2084 710 2129 quae
739 2083 905 2128 passus
931 2067 1152 2129 terraque
1174 2067 1405 2130 marique.

200 2133 397 2181 Pandite
412 2150 538 2180 nuuc
554 2133 1149 2195 Helic‹›na‚Deae,cantusq
1159 2150 1216 2180 ue
1231 2145 1414 2180 movete

135 2200 256 2253 Quae
281 2216 443 2246 manus
469 2200 644 2246 interea
670 2200 842 2245 Tuscis
869 2199 1121 2245 comitetur
1136 2200 1195 2244 ab
1216 2215 1310 2246 oris

135 2268 328 2323 AEnean,
353 2273 600 2328 armetque
626 2275 768 2322 rate8‚
794 2265 1055 2326 pelagoque
1083 2266 1296 2313 vehatur.

203 2333 437 2380 Massicus
463 2332 606 2379 aerata
633 2333 851 2407 princeps
877 2341 1010 2378 secat
1036 2348 1230 2394 aequora
1245 2332 1406 2393 Tigr1;

136 2399 238 2445 Sub
265 2415 359 2461 quo
385 2398 508 2446 mille
533 2414 697 2445 manus
708 2398 973 2459 juvenum
1001 2398 1081 2461 qui
1100 2399 1269 2444 moenia
1289 2398 1438 2451 Clusi,

136 2465 328 2528 Quique
356 2465 518 2512 urbem
548 2465 725 2526 liquere
754 2466 930 2512 Cos'is:
959 2466 1090 2528 queis
1112 2464 1218 2520 tela,
1236 2463 1439 2525 sagittae,
