1546 2686
431 71 731 111 GEoRGmA.
776 70 885 109 Lm.
927 70 1013 106 111.
1344 64 1404 112 7⁵

97 193 254 254 Atque
277 192 401 239 notis
417 191 606 253 longam
627 189 895 236 maculosus
914 189 1172 251 grandibus
1196 190 1355 237 alvum
1376 206 1388 236 :

96 259 208 314 Qui,
244 258 358 304 dum
383 274 546 304 amnes
571 257 653 303 ulli
676 264 960 318 rumpuntur
982 256 1212 314 fontibus,
1235 256 1405 303 etdum

95 326 218 371 Vere
241 325 431 371 madent
449 323 546 371 udo
569 331 704 371 terrae
729 339 785 370 ac
811 322 1096 396 pluvialibus
1122 324 1323 378 Austris,

95 391 274 452 Stagna
299 391 428 447 colit,
465 390 674 453 ripisque
699 389 914 436 habitans
934 382 1013 434 hic
1031 388 1240 451 piscibus
1259 400 1405 436 atram

95 457 348 518 Improbus
374 456 628 519 ingluviem
682 457 896 519 ranisque
920 455 1203 516 loquacibus
1228 457 1405 518 explet.

94 522 354 585 Postquam
391 525 622 570 exhausta
655 522 812 585 palus,
856 530 1086 584 terraeque
1122 521 1292 569 ardore
1329 523 1407 568 ‹le-

227 590 442 646 hiscunt3
1311 595 1406 637 4322

94 655 235 702 Exilit
259 655 304 701 in
330 656 527 712 siccum,
564 662 613 702 et
635 653 926 702 flammantia
949 654 1126 702 lumina
1151 662 1374 718 torquens

93 721 239 769 Saevit
262 723 402 784 agris,
440 738 676 785 asperque
713 723 805 778 siti,
832 730 976 783 atque
1001 722 1250 768 exterritus
1271 729 1390 769 aestu

92 788 166 834 Ne
193 788 305 835 mihi
328 797 430 836 tum
455 789 620 835 molles
645 788 734 834 sub
759 789 838 836 dio
864 804 1058 850 carpere
1085 805 1293 845 somnos,

92 855 201 901 Neu
225 855 370 902 dorso
393 856 597 902 nemoris
621 855 765 902 libeat
785 854 997 916 jacuisse
1022 871 1107 918 per
1131 855 1315 909 herbaS,

94 920 217 967 Cum
244 922 408 983 positis
432 938 585 968 novus
611 921 808 978 exuviis,
846 921 1122 983 nitidusque
1141 920 1341 982 juventa

92 987 326 1044 Volvitur,
364 996 446 1034 aut
471 987 656 1034 catulos
682 987 822 1035 tectis
847 995 927 1033 aut
953 1003 1042 1034 ova
1066 987 1354 1050 relinquens,

94 1053 288 1100 Arduus
312 1055 371 1101 ad
397 1055 560 1110 solem,
587 1062 635 1100 et
658 1054 828 1115 linguis
854 1053 997 1100 micat
1022 1070 1103 1100 ore
1128 1054 1350 1101 trisulcis.

160 1120 442 1167 Morborum
470 1137 661 1182 quoque
687 1129 733 1167 te
758 1136 929 1167 causas
953 1128 999 1166 et
1020 1121 1151 1182 signa
1176 1119 1383 1167 docebo,

92 1185 271 1248 Turpis
296 1203 409 1233 oves
428 1196 577 1234 tentat
601 1187 803 1244 scabieS‚
830 1186 909 1234 ubi
925 1186 1120 1248 frigidus
1141 1186 1292 1233 imber
1311 1195 1397 1235 441

92 1252 250 1299 Altius
276 1253 336 1299 ad
363 1254 520 1299 vivum
546 1253 773 1316 persedit,
812 1261 859 1300 et
883 1252 1074 1300 horrida
1099 1269 1219 1299 cano

93 1318 268 1366 Bruma
291 1320 422 1381 gelu3
461 1323 533 1368 vel
559 1320 669 1366 cum
688 1320 839 1366 tonsis
865 1319 1025 1365 illotus
1050 1319 1253 1366 adhaesit

94 1385 266 1442 Sudor,
303 1394 351 1433 et
377 1386 542 1432 hirsuti
568 1393 821 1432 secuerunt
839 1401 1042 1448 corpora
1062 1401 1241 1447 vepres.

94 1451 331 1498 Dulcibus
354 1452 533 1498 idcirco
554 1451 706 1498 fluviis
727 1468 874 1514 pecus
900 1468 1039 1498 omne
1066 1452 1259 1513 magistr

93 1517 405 1574 Perfundunt,
445 1518 648 1579 udisque
674 1519 791 1565 aries
817 1520 861 1563 in
883 1519 1064 1579 gurgite
1090 1518 1208 1564 villis

93 1584 348 1640 Mersatur,
387 1585 646 1659 missusque
673 1584 884 1630 secundo
910 1583 1077 1630 defluit
1100 1585 1255 1631 amni:

92 1651 191 1695 Aut
215 1657 404 1696 tonsum
431 1651 552 1697 tristi
577 1652 861 1712 contingunt
885 1667 1062 1713 corpus
1087 1652 1297 1706 amurca,

93 1716 156 1762 Et
180 1732 370 1779 spumas
395 1717 591 1764 miscent
618 1717 813 1779 argenti,
851 1718 1051 1779 vivaque
1076 1688 1316 1780 sulphur-(i,

94 1781 343 1845 ldaeasque
368 1784 518 1846 pices,
555 1794 600 1830 et
626 1784 823 1846 pingues
850 1785 1056 1845 unguine
1081 1800 1235 1840 ceraS‚
1312 1789 1408 1831 450

94 1848 401 1912 Scillamque,
409 1850 770 1913 helleborosque
809 1866 988 1913 graves,
1025 1850 1302 1919 nigrumque
1340 1852 1401 1895 bi·

222 1922 404 1964 tumen.
1296 1918 1406 1979 [est‚

91 1982 202 2040 Non
228 1990 383 2030 tamen
412 1983 507 2030 ulla
543 1983 692 2046 magis
718 1998 923 2045 praesens
963 1981 1154 2030 fortuna
1188 1983 1408 2030 laborum

94 2048 250 2104 Quam
275 2050 315 2097 si
341 2049 446 2113 quis
465 2049 588 2096 ferro
613 2050 769 2112 potuit
795 2049 1061 2096 rescindere
1087 2066 1321 2097 summum

94 2115 279 2162 Ulceris
304 2133 373 2163 os.
444 2117 601 2163 Alitur
625 2116 807 2173 vitium,
845 2116 1056 2178 vivitque
1080 2116 1284 2178 tegendo
1307 2134 1318 2172 ;

94 2181 222 2228 Dum
247 2182 458 2230 medicas
482 2182 707 2230 adhibere
734 2199 894 2230 manus
920 2183 978 2228 acl
1008 2184 1199 2230 vulnera
1224 2193 1386 2244 pastor

93 2249 330 2312 Abnegat,
367 2258 414 2296 et
439 2250 629 2296 meliora
656 2252 781 2296 Deos
800 2249 933 2296 sedet
958 2250 1114 2296 omina
1142 2266 1365 2312 poscens.

96 2316 225 2368 Quin
250 2316 390 2363 etiam
418 2316 509 2364 ima
534 2315 669 2363 dolor
695 2316 933 2364 balantum
960 2316 1121 2379 lapsus
1147 2319 1203 2362 ad
1230 2334 1338 2363 ossa

96 2381 220 2427 Cum
245 2381 369 2437 furit,
407 2391 553 2444 atque
573 2392 702 2430 artus
727 2383 1001 2446 depascitur
1020 2384 1151 2429 arida
1176 2383 1337 2439 febris,

96 2447 283 2494 Profuit
308 2449 520 2496 incensos
545 2458 681 2496 aestus
707 2459 929 2506 avertere,
967 2458 1016 2496 et
1039 2450 1159 2496 inter

102 2514 199 2561 lma
226 2514 358 2562 ferire
385 2514 516 2577 pedis
539 2517 779 2563 salientem
807 2517 1029 2577 sanguine
1054 2533 1244 2563 venam:
1315 2524 1404 2562 400
