1586 2704
136 99 232 141 342
464 105 511 139 Ρ.
550 113 783 145 vman
827 111 1068 144 MARONIS

136 219 379 267 Consulite
405 218 448 264 in
479 219 703 276 medium,
731 228 778 266 et
806 221 943 266 rebus
963 218 1220 266 succurrite
1249 219 1397 265 sessis.

202 285 327 330 Tum
348 286 563 332 Drances
582 287 701 332 idem
721 286 947 341 infensus,
971 302 1107 346 quem
1122 285 1268 345 gloria
1283 285 1431 334 Turni

139 349 353 411 Obliqua
374 351 547 397 invidia
567 352 865 411 stimulisque
891 352 1105 412 agitabat
1130 353 1297 396 amaris
1318 367 1329 405 ;

137 415 316 477 Largus
337 433 501 478 opum,
528 426 572 462 et
597 417 752 471 lingua
780 418 961 472 melior,
989 417 1069 462 sed
1094 417 1263 476 frigida
1292 417 1415 462 bello

138 482 364 537 Dextera,
391 483 599 528 consiliis
623 484 812 527 habitus
839 499 930 527 non
953 483 1098 528 futilis
1122 492 1299 536 auctor,

139 548 383 596 Seditione
410 557 580 609 potens
603 564 614 599 ;
644 563 788 608 genus
815 548 923 592 huic
946 557 1153 594 materna
1171 548 1429 609 superbum

139 613 376 660 Nobilitas
403 615 565 670 dabat,
590 614 823 660 incertum
852 613 910 658 de
936 622 1071 675 patre
1097 613 1307 666 ferebam
1338 620 1427 660 341

139 679 312 740 Surgit,
337 687 386 725 et
412 680 482 725 his
509 688 671 725 onerat
697 679 855 733 dictis,
881 689 1024 740 atque
1049 688 1239 739 aggerat
1261 680 1375 724 iras:

206 746 323 791 Rem
343 745 455 791 nulli
473 744 744 801 obscuram,
762 754 930 791 nostrae
949 761 1034 791 nec
1055 746 1182 790 vocis
1201 754 1435 805 egentem,

138 811 375 867 ConsuliS,
402 827 430 857 o
454 812 577 858 bone
601 828 699 857 rex.
771 811 943 857 Cuncti
964 828 1014 856 se
1040 811 1156 857 scire
1181 811 1389 856 fatentur

140 877 267 930 Quid
296 876 484 923 fortuna
506 878 829 940 feratpopuli,
851 877 930 922 sed
958 876 1116 923 dicere
1144 885 1370 923 mussant.

141 943 235 988 Det
261 943 525 990 libertatem
554 944 702 999 fandi,
729 943 966 1004 flatusque
993 944 1219 996 remittat,

141 1008 293 1069 Cujus
313 1010 376 1055 ob
396 1009 657 1070 auspicium
678 1009 935 1055 infaustum
959 1007 1437 1070 moresquesinistros,

140 1075 330 1133 (Dicam
349 1077 588 1135 equidem,
617 1075 727 1121 licet
752 1091 883 1121 arma
910 1075 1021 1120 milii
1040 1083 1331 1136 mortemque
1353 1074 1438 1118 mi-

273 1144 431 1199 netur)

141 1206 338 1252 Lumina
359 1216 431 1254 tot
457 1205 689 1252 cecidisse
715 1206 910 1260 ducum,
934 1215 1178 1266 totamque
1203 1204 1416 1250 videmus

142 1273 429 1319 Consedisse
451 1273 614 1318 urbem
643 1273 801 1326 luctu;
841 1273 954 1317 dum
982 1272 1126 1316 Troia
1152 1280 1305 1317 tentat
1342 1277 1439 1318 350

142 1338 327 1394 Castra,
353 1338 478 1398 fugae
504 1337 678 1393 fidens,
704 1346 752 1384 et
777 1338 948 1384 coelum
975 1340 1158 1383 territat
1184 1336 1339 1383 armis.

142 1404 300 1450 Unum
329 1405 469 1451 etiam
493 1405 631 1450 donis
656 1404 777 1460 istis,
805 1420 912 1466 quae
939 1403 1141 1465 plurima
1171 1404 1290 1448 mitti

141 1471 429 1517 Dardanidis
455 1470 817 1531 dicique-iubes,
844 1486 1006 1526 uuum,
1032 1470 1212 1531 optime
1237 1483 1417 1530 regum,

142 1536 389 1596 Adjicias;
428 1553 516 1583 nec
543 1546 587 1581 te
613 1536 750 1582 ullius
777 1536 995 1581 violentia
1020 1539 1198 1590 vincat,

143 1602 272 1654 Quin
299 1613 452 1648 natam
479 1602 669 1663 egregio
693 1618 864 1662 genero
890 1601 1140 1662 dignisque
1162 1599 1418 1663 hymenaeis

142 1668 242 1713 Des
268 1677 418 1729 pater,
444 1677 492 1714 et
510 1684 677 1729 pacem
707 1668 827 1714 hanc
853 1676 1027 1713 aeterno
1053 1666 1230 1713 foedere
1247 1666 1438 1725 jungas.

143 1734 285 1787 Quod
307 1734 344 1779 si
370 1743 528 1779 tantus
555 1735 701 1780 habet
727 1742 902 1779 mentes
927 1741 978 1779 et
1002 1743 1196 1794 pectora
1223 1741 1393 1784 terror;

145 1800 310 1860 Ipsum
340 1801 653 1855 obtestemur,
682 1800 966 1860 veniamque
992 1815 1176 1844 oremus
1198 1799 1259 1843 ab
1280 1798 1415 1859 ipso;

144 1866 314 1922 Cedat,
335 1867 416 1926 jus
442 1866 685 1928 proprium
713 1866 813 1927 regi
839 1865 1100 1927 patriaeque
1126 1864 1350 1911 remittat.

145 1932 269 1986 Quid
295 1934 489 1980 miseros
513 1932 653 1978 toties
679 1932 724 1978 in
752 1940 914 1993 aperta
937 1931 1141 1993 pericula
1169 1930 1296 1976 cives
1343 1927 1438 1977 360

143 1998 358 2058 Projicis,
383 2015 411 2044 o
429 1999 564 2044 Latio
590 2007 735 2060 caput
753 1998 918 2043 horum
941 2006 987 2044 et
1012 2013 1156 2044 causa
1171 1994 1439 2042 malorum}

143 2064 288 2110 Nulla
311 2067 434 2110 salus
463 2066 586 2110 bello
609 2081 620 2112 ε
647 2081 813 2126 pacem
841 2073 886 2110 te
914 2064 1155 2125 poscimus
1181 2078 1364 2118 omnes,

143 2130 320 2188 Turne,
343 2131 478 2176 simul
505 2132 633 2191 pacis
661 2131 811 2176 solum
838 2129 1107 2176 inviolabile
1134 2128 1319 2190 pignus.

145 2196 332 2242 Primus
352 2214 458 2259 ego,
484 2197 686 2243 invisum
713 2213 852 2259 quein
883 2204 932 2242 tu
959 2196 1045 2242 tibi
1065 2194 1219 2255 fingis,
1247 2203 1292 2240 et
1317 2209 1417 2240 esse

142 2260 222 2307 Nil
250 2278 421 2318 moror,
449 2281 504 2309 en
531 2264 733 2325 supplex
761 2263 930 2310 venio:
969 2264 1186 2307 miserere
1211 2271 1416 2316 tuorum,

146 2328 276 2375 Pone
300 2328 500 2385 animos,
525 2338 571 2374 et
598 2330 759 2391 pulsus
775 2330 871 2376 abi.
943 2329 1027 2375 Sat
1043 2327 1204 2374 funera
1228 2325 1322 2372 susi

143 2394 379 2450 Vidimus,
405 2395 614 2456 ingentes
633 2404 682 2442 et
705 2395 1024 2441 desolavimus
1049 2409 1201 2454 agros.

148 2463 260 2517 Aut,
287 2461 323 2508 si
341 2460 466 2508 fama
493 2470 667 2518 movet,
697 2462 734 2509 si
760 2471 940 2510 tantum
964 2470 1156 2523 pectore
1183 2459 1321 2505 robui
