<?xml version="1.0" encoding="UTF-8"?>
<!DOCTYPE html PUBLIC "-//W3C//DTD XHTML 1.0 Transitional//EN"
    "http://www.w3.org/TR/xhtml1/DTD/xhtml1-transitional.dtd">
<html xmlns="http://www.w3.org/1999/xhtml" xml:lang="en" lang="en">
 <head>
  <title>
</title>
<meta http-equiv="Content-Type" content="text/html;charset=utf-8" />
  <meta name='ocr-system' content='tesseract 3.04.00' />
  <meta name='ocr-capabilities' content='ocr_page ocr_carea ocr_par ocr_line ocrx_word'/>
</head>
<body>
  <div class='ocr_page' id='page_1' title='image "./operaadfidemopti00virguoft/operaadfidemopti00virguoft_0366.png"; bbox 0 0 1586 2704; ppageno 0'>
   <div class='ocr_carea' id='block_1_1' title="bbox 106 67 1077 118">
    <p class='ocr_par' dir='ltr' id='par_1_1' title="bbox 106 67 1077 118">
     <span class='ocr_line' id='line_1_1' title="bbox 106 67 1077 118; baseline 0.002 -5"><span class='ocrx_word' id='word_1_1' title='bbox 106 67 202 118; x_wconf 67' lang='lat'>362</span> <span class='ocrx_word' id='word_1_2' title='bbox 458 85 507 118; x_wconf 74' lang='grc' dir='ltr'>Ρ.</span> <span class='ocrx_word' id='word_1_3' title='bbox 531 83 779 118; x_wconf 75' lang='lat' dir='ltr'>VIRGILH</span> <span class='ocrx_word' id='word_1_4' title='bbox 812 81 1077 116; x_wconf 75' lang='lat' dir='ltr'>MARoms</span> 
     </span>
    </p>
   </div>
   <div class='ocr_carea' id='block_1_2' title="bbox 97 197 1418 2535">
    <p class='ocr_par' dir='ltr' id='par_1_2' title="bbox 97 197 1418 2535">
     <span class='ocr_line' id='line_1_2' title="bbox 105 197 1410 263; baseline 0.002 -19"><span class='ocrx_word' id='word_1_5' title='bbox 105 197 621 262; x_wconf 78' lang='lat' dir='ltr'>Circumstantproperi</span> <span class='ocrx_word' id='word_1_6' title='bbox 635 199 826 263; x_wconf 80' lang='lat' dir='ltr'>aurigae,</span> <span class='ocrx_word' id='word_1_7' title='bbox 851 200 1410 263; x_wconf 78' lang='lat' dir='ltr'>manibusquelacessunt</span> 
     </span>
     <span class='ocr_line' id='line_1_3' title="bbox 103 264 1388 329; baseline 0.002 -19"><span class='ocrx_word' id='word_1_8' title='bbox 103 264 308 311; x_wconf 87' lang='lat' dir='ltr'>Pectora</span> <span class='ocrx_word' id='word_1_9' title='bbox 328 266 494 326; x_wconf 80' lang='lat' dir='ltr'>plausa</span> <span class='ocrx_word' id='word_1_10' title='bbox 519 267 666 323; x_wconf 86' lang='lat' dir='ltr'>cavis,</span> <span class='ocrx_word' id='word_1_11' title='bbox 693 276 741 313; x_wconf 89' lang='lat' dir='ltr'>et</span> <span class='ocrx_word' id='word_1_12' title='bbox 766 267 891 314; x_wconf 85' lang='lat' dir='ltr'>colla</span> <span class='ocrx_word' id='word_1_13' title='bbox 910 268 1146 314; x_wconf 79' lang='lat' dir='ltr'>comantia</span> <span class='ocrx_word' id='word_1_14' title='bbox 1167 275 1388 329; x_wconf 86' lang='lat' dir='ltr'>pectunt.</span> 
     </span>
     <span class='ocr_line' id='line_1_4' title="bbox 104 331 1380 397; baseline 0.002 -20"><span class='ocrx_word' id='word_1_15' title='bbox 104 331 213 392; x_wconf 77' lang='lat' dir='ltr'>Ipse</span> <span class='ocrx_word' id='word_1_16' title='bbox 238 332 410 378; x_wconf 82' lang='lat' dir='ltr'>dehinc</span> <span class='ocrx_word' id='word_1_17' title='bbox 435 349 551 378; x_wconf 88' lang='lat' dir='ltr'>auro</span> <span class='ocrx_word' id='word_1_18' title='bbox 576 333 871 395; x_wconf 78' lang='lat' dir='ltr'>squalentem</span> <span class='ocrx_word' id='word_1_19' title='bbox 898 334 1109 397; x_wconf 79' lang='lat' dir='ltr'>alboque</span> <span class='ocrx_word' id='word_1_20' title='bbox 1135 334 1380 380; x_wconf 83' lang='lat' dir='ltr'>orichalco</span> 
     </span>
     <span class='ocr_line' id='line_1_5' title="bbox 105 398 1411 462; baseline 0.002 -19"><span class='ocrx_word' id='word_1_21' title='bbox 105 398 389 446; x_wconf 80' lang='lat' dir='ltr'>Circumdat</span> <span class='ocrx_word' id='word_1_22' title='bbox 406 399 602 445; x_wconf 85' lang='lat' dir='ltr'>loricam</span> <span class='ocrx_word' id='word_1_23' title='bbox 621 401 841 456; x_wconf 85' lang='lat' dir='ltr'>humeris,</span> <span class='ocrx_word' id='word_1_24' title='bbox 863 400 1000 446; x_wconf 83' lang='lat' dir='ltr'>simul</span> <span class='ocrx_word' id='word_1_25' title='bbox 1024 409 1159 462; x_wconf 80' lang='lat' dir='ltr'>aptat</span> <span class='ocrx_word' id='word_1_26' title='bbox 1185 400 1411 446; x_wconf 81' lang='lat' dir='ltr'>habendo</span> 
     </span>
     <span class='ocr_line' id='line_1_6' title="bbox 103 466 1412 528; baseline 0.002 -18"><span class='ocrx_word' id='word_1_27' title='bbox 103 466 390 528; x_wconf 70' lang='lat' dir='ltr'>Ensefnque,</span> <span class='ocrx_word' id='word_1_28' title='bbox 410 467 749 528; x_wconf 66' lang='lat' dir='ltr'>clypeumque,</span> <span class='ocrx_word' id='word_1_29' title='bbox 778 475 825 512; x_wconf 87' lang='lat' dir='ltr'>et</span> <span class='ocrx_word' id='word_1_30' title='bbox 839 466 996 513; x_wconf 82' lang='lat' dir='ltr'>rubrae</span> <span class='ocrx_word' id='word_1_31' title='bbox 1023 484 1204 514; x_wconf 79' lang='lat' dir='ltr'>cornua</span> <span class='ocrx_word' id='word_1_32' title='bbox 1229 467 1412 514; x_wconf 87' lang='lat' dir='ltr'>cristae:</span> 
     </span>
     <span class='ocr_line' id='line_1_7' title="bbox 103 532 1412 596; baseline 0.002 -19"><span class='ocrx_word' id='word_1_33' title='bbox 103 532 292 588; x_wconf 72' lang='lat' dir='ltr'>Ensem,</span> <span class='ocrx_word' id='word_1_34' title='bbox 312 550 451 596; x_wconf 80' lang='lat' dir='ltr'>quem</span> <span class='ocrx_word' id='word_1_35' title='bbox 475 534 646 578; x_wconf 84' lang='lat' dir='ltr'>Dauno</span> <span class='ocrx_word' id='word_1_36' title='bbox 675 533 944 596; x_wconf 80' lang='lat' dir='ltr'>ignipotens</span> <span class='ocrx_word' id='word_1_37' title='bbox 960 533 1093 579; x_wconf 86' lang='lat' dir='ltr'>Deus</span> <span class='ocrx_word' id='word_1_38' title='bbox 1111 535 1208 595; x_wconf 73' lang='lat' dir='ltr'>ipse</span> <span class='ocrx_word' id='word_1_39' title='bbox 1225 534 1412 596; x_wconf 75' lang='lat' dir='ltr'>parenti</span> 
     </span>
     <span class='ocr_line' id='line_1_8' title="bbox 102 599 1408 661; baseline 0.002 -17"><span class='ocrx_word' id='word_1_40' title='bbox 102 599 316 655; x_wconf 80' lang='lat' dir='ltr'>Fecerat,</span> <span class='ocrx_word' id='word_1_41' title='bbox 341 608 389 645; x_wconf 89' lang='lat' dir='ltr'>et</span> <span class='ocrx_word' id='word_1_42' title='bbox 413 600 574 661; x_wconf 72' lang='lat' dir='ltr'>Stygia</span> <span class='ocrx_word' id='word_1_43' title='bbox 598 599 884 646; x_wconf 84' lang='lat' dir='ltr'>candentem</span> <span class='ocrx_word' id='word_1_44' title='bbox 908 600 1116 646; x_wconf 80' lang='lat' dir='ltr'>tinxerat</span> <span class='ocrx_word' id='word_1_45' title='bbox 1140 600 1282 646; x_wconf 73' lang='lat' dir='ltr'>unda.</span> <span class='ocrx_word' id='word_1_46' title='bbox 1349 607 1408 657; x_wconf 85' lang='grc'>91</span> 
     </span>
     <span class='ocr_line' id='line_1_9' title="bbox 102 665 1305 729; baseline 0.002 -18"><span class='ocrx_word' id='word_1_47' title='bbox 102 665 241 722; x_wconf 83' lang='lat' dir='ltr'>Exin,</span> <span class='ocrx_word' id='word_1_48' title='bbox 265 682 372 728; x_wconf 81' lang='lat' dir='ltr'>quae</span> <span class='ocrx_word' id='word_1_49' title='bbox 397 666 442 710; x_wconf 90' lang='lat' dir='ltr'>in</span> <span class='ocrx_word' id='word_1_50' title='bbox 470 665 635 712; x_wconf 85' lang='lat' dir='ltr'>mediis</span> <span class='ocrx_word' id='word_1_51' title='bbox 661 665 844 729; x_wconf 82' lang='lat' dir='ltr'>ingenti</span> <span class='ocrx_word' id='word_1_52' title='bbox 869 665 1043 712; x_wconf 80' lang='lat' dir='ltr'>adnixa</span> <span class='ocrx_word' id='word_1_53' title='bbox 1068 667 1305 714; x_wconf 58' lang='lat' dir='ltr'>columnae</span> 
     </span>
     <span class='ocr_line' id='line_1_10' title="bbox 102 732 1289 795; baseline 0 -17"><span class='ocrx_word' id='word_1_54' title='bbox 102 733 300 778; x_wconf 83' lang='lat' dir='ltr'>AEdibus</span> <span class='ocrx_word' id='word_1_55' title='bbox 324 732 525 787; x_wconf 74' lang='lat' dir='ltr'>astabat,</span> <span class='ocrx_word' id='word_1_56' title='bbox 556 732 763 779; x_wconf 85' lang='lat' dir='ltr'>validam</span> <span class='ocrx_word' id='word_1_57' title='bbox 792 734 833 780; x_wconf 89' lang='lat' dir='ltr'>vi</span> <span class='ocrx_word' id='word_1_58' title='bbox 858 732 1052 795; x_wconf 84' lang='lat' dir='ltr'>corripit</span> <span class='ocrx_word' id='word_1_59' title='bbox 1089 734 1289 790; x_wconf 81' lang='lat' dir='ltr'>hastam,</span> 
     </span>
     <span class='ocr_line' id='line_1_11' title="bbox 100 798 1412 863; baseline 0.001 -18"><span class='ocrx_word' id='word_1_60' title='bbox 100 799 294 845; x_wconf 87' lang='lat' dir='ltr'>Actoris</span> <span class='ocrx_word' id='word_1_61' title='bbox 316 798 527 845; x_wconf 81' lang='lat' dir='ltr'>Aurunci</span> <span class='ocrx_word' id='word_1_62' title='bbox 551 799 774 862; x_wconf 84' lang='lat' dir='ltr'>spolium,</span> <span class='ocrx_word' id='word_1_63' title='bbox 801 809 1093 863; x_wconf 78' lang='lat' dir='ltr'>quassatque</span> <span class='ocrx_word' id='word_1_64' title='bbox 1117 807 1412 857; x_wconf 85' lang='lat' dir='ltr'>trementem,</span> 
     </span>
     <span class='ocr_line' id='line_1_12' title="bbox 99 866 1413 929; baseline 0.004 -21"><span class='ocrx_word' id='word_1_65' title='bbox 99 866 381 912; x_wconf 71' lang='lat' dir='ltr'>vociferans</span> <span class='ocrx_word' id='word_1_66' title='bbox 403 882 413 912; x_wconf 73' lang='grc' dir='ltr'>ε</span> <span class='ocrx_word' id='word_1_67' title='bbox 452 867 615 923; x_wconf 88' lang='lat' dir='ltr'>Nunc,</span> <span class='ocrx_word' id='word_1_68' title='bbox 643 883 671 912; x_wconf 96' lang='lat' dir='ltr'>o</span> <span class='ocrx_word' id='word_1_69' title='bbox 695 883 940 929; x_wconf 89' lang='lat' dir='ltr'>nunquam</span> <span class='ocrx_word' id='word_1_70' title='bbox 964 866 1190 914; x_wconf 80' lang='lat' dir='ltr'>frustrata</span> <span class='ocrx_word' id='word_1_71' title='bbox 1214 875 1413 913; x_wconf 85' lang='lat' dir='ltr'>vocatus</span> 
     </span>
     <span class='ocr_line' id='line_1_13' title="bbox 100 932 1414 996; baseline 0.001 -18"><span class='ocrx_word' id='word_1_72' title='bbox 100 932 252 979; x_wconf 82' lang='lat' dir='ltr'>Hasta</span> <span class='ocrx_word' id='word_1_73' title='bbox 266 949 546 988; x_wconf 85' lang='lat' dir='ltr'>meos,nune</span> <span class='ocrx_word' id='word_1_74' title='bbox 562 943 753 996; x_wconf 74' lang='lat' dir='ltr'>tenipus</span> <span class='ocrx_word' id='word_1_75' title='bbox 767 934 904 980; x_wconf 85' lang='lat' dir='ltr'>adest</span> <span class='ocrx_word' id='word_1_76' title='bbox 919 953 930 990; x_wconf 88' lang='grc'>;</span> <span class='ocrx_word' id='word_1_77' title='bbox 945 942 990 980; x_wconf 82' lang='lat' dir='ltr'>te</span> <span class='ocrx_word' id='word_1_78' title='bbox 1002 934 1234 980; x_wconf 78' lang='lat' dir='ltr'>maximus</span> <span class='ocrx_word' id='word_1_79' title='bbox 1248 937 1414 989; x_wconf 82' lang='lat' dir='ltr'><strong>Actor,</strong></span> 
     </span>
     <span class='ocr_line' id='line_1_14' title="bbox 99 999 1412 1063; baseline 0 -18"><span class='ocrx_word' id='word_1_80' title='bbox 99 1000 172 1047; x_wconf 86' lang='lat' dir='ltr'>Te</span> <span class='ocrx_word' id='word_1_81' title='bbox 196 999 351 1046; x_wconf 84' lang='lat' dir='ltr'>Turni</span> <span class='ocrx_word' id='word_1_82' title='bbox 374 1017 499 1048; x_wconf 87' lang='lat' dir='ltr'>nunc</span> <span class='ocrx_word' id='word_1_83' title='bbox 527 1000 700 1047; x_wconf 82' lang='lat' dir='ltr'>dextra</span> <span class='ocrx_word' id='word_1_84' title='bbox 717 1001 834 1063; x_wconf 87' lang='lat' dir='ltr'>gerit</span> <span class='ocrx_word' id='word_1_85' title='bbox 855 1018 865 1048; x_wconf 90' lang='lat'>:</span> <span class='ocrx_word' id='word_1_86' title='bbox 893 1001 955 1048; x_wconf 90' lang='lat' dir='ltr'>da</span> <span class='ocrx_word' id='word_1_87' title='bbox 980 1009 1189 1047; x_wconf 80' lang='lat' dir='ltr'>sternere</span> <span class='ocrx_word' id='word_1_88' title='bbox 1215 1016 1412 1062; x_wconf 82' lang='lat' dir='ltr'>corpus,</span> 
     </span>
     <span class='ocr_line' id='line_1_15' title="bbox 101 1066 1262 1127; baseline 0 -15"><span class='ocrx_word' id='word_1_89' title='bbox 101 1066 353 1127; x_wconf 80' lang='lat' dir='ltr'>Loricamq</span> <span class='ocrx_word' id='word_1_90' title='bbox 365 1083 420 1113; x_wconf 89' lang='lat' dir='ltr'>ue</span> <span class='ocrx_word' id='word_1_91' title='bbox 448 1084 591 1114; x_wconf 87' lang='lat' dir='ltr'>manu</span> <span class='ocrx_word' id='word_1_92' title='bbox 612 1068 767 1114; x_wconf 66' lang='lat' dir='ltr'>valida</span> <span class='ocrx_word' id='word_1_93' title='bbox 793 1068 999 1114; x_wconf 86' lang='lat' dir='ltr'>lacerare</span> <span class='ocrx_word' id='word_1_94' title='bbox 1024 1067 1262 1114; x_wconf 79' lang='lat' dir='ltr'>revulsam</span> 
     </span>
     <span class='ocr_line' id='line_1_16' title="bbox 100 1133 1317 1197; baseline 0.002 -19"><span class='ocrx_word' id='word_1_95' title='bbox 100 1133 315 1179; x_wconf 77' lang='lat' dir='ltr'>Semiviri</span> <span class='ocrx_word' id='word_1_96' title='bbox 339 1134 553 1197; x_wconf 65' lang='lat' dir='ltr'>Phrygis,</span> <span class='ocrx_word' id='word_1_97' title='bbox 579 1142 625 1179; x_wconf 86' lang='lat' dir='ltr'>et</span> <span class='ocrx_word' id='word_1_98' title='bbox 648 1134 829 1182; x_wconf 78' lang='lat' dir='ltr'>foedare</span> <span class='ocrx_word' id='word_1_99' title='bbox 852 1135 898 1181; x_wconf 91' lang='lat' dir='ltr'>in</span> <span class='ocrx_word' id='word_1_100' title='bbox 926 1134 1120 1197; x_wconf 74' lang='lat' dir='ltr'>pulvere</span> <span class='ocrx_word' id='word_1_101' title='bbox 1147 1133 1317 1189; x_wconf 82' lang='lat' dir='ltr'>crines,</span> 
     </span>
     <span class='ocr_line' id='line_1_17' title="bbox 98 1200 1415 1264; baseline 0 -19"><span class='ocrx_word' id='word_1_102' title='bbox 98 1200 326 1246; x_wconf 83' lang='lat' dir='ltr'>Vibratos</span> <span class='ocrx_word' id='word_1_103' title='bbox 353 1201 509 1247; x_wconf 84' lang='lat' dir='ltr'>calido</span> <span class='ocrx_word' id='word_1_104' title='bbox 535 1200 675 1256; x_wconf 85' lang='lat' dir='ltr'>ferro,</span> <span class='ocrx_word' id='word_1_105' title='bbox 699 1202 987 1264; x_wconf 65' lang='lat' dir='ltr'>myrrhaque</span> <span class='ocrx_word' id='word_1_106' title='bbox 1012 1200 1282 1247; x_wconf 75' lang='lat' dir='ltr'>madente-s,</span> <span class='ocrx_word' id='word_1_107' title='bbox 1325 1206 1415 1246; x_wconf 88' lang='lat' dir='ltr'>lOO</span> 
     </span>
     <span class='ocr_line' id='line_1_18' title="bbox 99 1267 1216 1330; baseline 0.001 -18"><span class='ocrx_word' id='word_1_108' title='bbox 99 1267 187 1312; x_wconf 78' lang='lat' dir='ltr'>His</span> <span class='ocrx_word' id='word_1_109' title='bbox 212 1267 365 1329; x_wconf 80' lang='lat' dir='ltr'>agitur</span> <span class='ocrx_word' id='word_1_110' title='bbox 384 1267 545 1322; x_wconf 82' lang='lat' dir='ltr'>furiis;</span> <span class='ocrx_word' id='word_1_111' title='bbox 586 1275 787 1330; x_wconf 87' lang='lat' dir='ltr'>totoque</span> <span class='ocrx_word' id='word_1_112' title='bbox 813 1268 1022 1314; x_wconf 81' lang='lat' dir='ltr'>ardentis</span> <span class='ocrx_word' id='word_1_113' title='bbox 1048 1269 1108 1312; x_wconf 75' lang='lat' dir='ltr'>ab</span> <span class='ocrx_word' id='word_1_114' title='bbox 1135 1283 1216 1313; x_wconf 88' lang='lat' dir='ltr'>ore</span> 
     </span>
     <span class='ocr_line' id='line_1_19' title="bbox 99 1333 1350 1395; baseline -0.001 -15"><span class='ocrx_word' id='word_1_115' title='bbox 99 1333 328 1381; x_wconf 75' lang='lat' dir='ltr'>Scintillae</span> <span class='ocrx_word' id='word_1_116' title='bbox 354 1334 625 1382; x_wconf 86' lang='lat' dir='ltr'>absistunt:</span> <span class='ocrx_word' id='word_1_117' title='bbox 663 1335 815 1381; x_wconf 90' lang='lat' dir='ltr'>oculis</span> <span class='ocrx_word' id='word_1_118' title='bbox 834 1335 974 1381; x_wconf 75' lang='lat' dir='ltr'>micat</span> <span class='ocrx_word' id='word_1_119' title='bbox 1000 1335 1190 1380; x_wconf 83' lang='lat' dir='ltr'>acribus</span> <span class='ocrx_word' id='word_1_120' title='bbox 1215 1334 1350 1395; x_wconf 82' lang='lat' dir='ltr'>ignis.</span> 
     </span>
     <span class='ocr_line' id='line_1_20' title="bbox 99 1401 1254 1464; baseline -0.001 -17"><span class='ocrx_word' id='word_1_121' title='bbox 99 1401 320 1462; x_wconf 81' lang='lat' dir='ltr'>Mugitus</span> <span class='ocrx_word' id='word_1_122' title='bbox 347 1401 491 1448; x_wconf 83' lang='lat' dir='ltr'>veluti</span> <span class='ocrx_word' id='word_1_123' title='bbox 517 1402 626 1448; x_wconf 79' lang='lat' dir='ltr'>curu</span> <span class='ocrx_word' id='word_1_124' title='bbox 654 1401 804 1463; x_wconf 84' lang='lat' dir='ltr'>prima</span> <span class='ocrx_word' id='word_1_125' title='bbox 831 1402 878 1447; x_wconf 90' lang='lat' dir='ltr'>in</span> <span class='ocrx_word' id='word_1_126' title='bbox 903 1401 1066 1464; x_wconf 80' lang='lat' dir='ltr'>praelia</span> <span class='ocrx_word' id='word_1_127' title='bbox 1091 1408 1254 1446; x_wconf 82' lang='lat' dir='ltr'>taurus</span> 
     </span>
     <span class='ocr_line' id='line_1_21' title="bbox 97 1466 1299 1531; baseline 0 -18"><span class='ocrx_word' id='word_1_128' title='bbox 97 1466 359 1514; x_wconf 88' lang='lat' dir='ltr'>Terrificos</span> <span class='ocrx_word' id='word_1_129' title='bbox 386 1468 495 1525; x_wconf 87' lang='lat' dir='ltr'>ciet,</span> <span class='ocrx_word' id='word_1_130' title='bbox 516 1478 663 1531; x_wconf 87' lang='lat' dir='ltr'>atque</span> <span class='ocrx_word' id='word_1_131' title='bbox 687 1468 824 1515; x_wconf 79' lang='lat' dir='ltr'>irasci</span> <span class='ocrx_word' id='word_1_132' title='bbox 849 1468 895 1514; x_wconf 91' lang='lat' dir='ltr'>in</span> <span class='ocrx_word' id='word_1_133' title='bbox 923 1484 1102 1514; x_wconf 85' lang='lat' dir='ltr'>cornua</span> <span class='ocrx_word' id='word_1_134' title='bbox 1129 1477 1299 1524; x_wconf 82' lang='lat' dir='ltr'>tentat,</span> 
     </span>
     <span class='ocr_line' id='line_1_22' title="bbox 97 1534 1254 1598; baseline -0.001 -17"><span class='ocrx_word' id='word_1_135' title='bbox 97 1534 304 1581; x_wconf 86' lang='lat' dir='ltr'>Arboris</span> <span class='ocrx_word' id='word_1_136' title='bbox 330 1535 534 1581; x_wconf 84' lang='lat' dir='ltr'>obnixus</span> <span class='ocrx_word' id='word_1_137' title='bbox 552 1544 743 1592; x_wconf 90' lang='lat' dir='ltr'>trunco,</span> <span class='ocrx_word' id='word_1_138' title='bbox 771 1544 1037 1598; x_wconf 86' lang='lat' dir='ltr'>ventosque</span> <span class='ocrx_word' id='word_1_139' title='bbox 1063 1535 1254 1581; x_wconf 82' lang='lat' dir='ltr'>lacessit</span> 
     </span>
     <span class='ocr_line' id='line_1_23' title="bbox 98 1602 1299 1664; baseline 0 -17"><span class='ocrx_word' id='word_1_140' title='bbox 98 1602 306 1658; x_wconf 84' lang='lat' dir='ltr'>Ictibus,</span> <span class='ocrx_word' id='word_1_141' title='bbox 333 1609 381 1648; x_wconf 87' lang='lat' dir='ltr'>et</span> <span class='ocrx_word' id='word_1_142' title='bbox 408 1603 570 1664; x_wconf 71' lang='lat' dir='ltr'>sparsa</span> <span class='ocrx_word' id='word_1_143' title='bbox 594 1602 656 1649; x_wconf 86' lang='lat' dir='ltr'>ad</span> <span class='ocrx_word' id='word_1_144' title='bbox 677 1618 886 1664; x_wconf 84' lang='lat' dir='ltr'>pugnam</span> <span class='ocrx_word' id='word_1_145' title='bbox 909 1602 1123 1664; x_wconf 83' lang='lat' dir='ltr'>proludit</span> <span class='ocrx_word' id='word_1_146' title='bbox 1145 1602 1299 1647; x_wconf 71' lang='lat' dir='ltr'>arena.</span> 
     </span>
     <span class='ocr_line' id='line_1_24' title="bbox 164 1668 1328 1716; baseline -0.002 -1"><span class='ocrx_word' id='word_1_147' title='bbox 164 1668 271 1715; x_wconf 90' lang='lat' dir='ltr'>Nec</span> <span class='ocrx_word' id='word_1_148' title='bbox 297 1668 455 1715; x_wconf 70' lang='lat' dir='ltr'>minus</span> <span class='ocrx_word' id='word_1_149' title='bbox 481 1668 659 1716; x_wconf 85' lang='lat' dir='ltr'>interea</span> <span class='ocrx_word' id='word_1_150' title='bbox 686 1670 911 1716; x_wconf 86' lang='lat' dir='ltr'>maternis</span> <span class='ocrx_word' id='word_1_151' title='bbox 937 1686 1092 1715; x_wconf 80' lang='lat' dir='ltr'>saevus</span> <span class='ocrx_word' id='word_1_152' title='bbox 1116 1669 1162 1714; x_wconf 86' lang='lat' dir='ltr'>in</span> <span class='ocrx_word' id='word_1_153' title='bbox 1188 1669 1328 1714; x_wconf 77' lang='lat' dir='ltr'>arinis</span> 
     </span>
     <span class='ocr_line' id='line_1_25' title="bbox 99 1735 1164 1792; baseline -0.001 -9"><span class='ocrx_word' id='word_1_154' title='bbox 99 1736 270 1783; x_wconf 83' lang='lat' dir='ltr'>AEneas</span> <span class='ocrx_word' id='word_1_155' title='bbox 293 1735 424 1781; x_wconf 85' lang='lat' dir='ltr'>acuit</span> <span class='ocrx_word' id='word_1_156' title='bbox 449 1736 675 1791; x_wconf 85' lang='lat' dir='ltr'>Martem,</span> <span class='ocrx_word' id='word_1_157' title='bbox 704 1745 749 1783; x_wconf 92' lang='lat' dir='ltr'>et</span> <span class='ocrx_word' id='word_1_158' title='bbox 776 1753 824 1784; x_wconf 85' lang='lat' dir='ltr'>se</span> <span class='ocrx_word' id='word_1_159' title='bbox 851 1737 1055 1783; x_wconf 81' lang='lat' dir='ltr'>suscitat</span> <span class='ocrx_word' id='word_1_160' title='bbox 1082 1737 1164 1792; x_wconf 75' lang='lat' dir='ltr'>ira,</span> 
     </span>
     <span class='ocr_line' id='line_1_26' title="bbox 100 1802 1195 1865; baseline 0 -16"><span class='ocrx_word' id='word_1_161' title='bbox 100 1802 284 1849; x_wconf 80' lang='lat' dir='ltr'>Oblato</span> <span class='ocrx_word' id='word_1_162' title='bbox 309 1803 523 1865; x_wconf 86' lang='lat' dir='ltr'>gaudens</span> <span class='ocrx_word' id='word_1_163' title='bbox 544 1803 773 1864; x_wconf 79' lang='lat' dir='ltr'>componi</span> <span class='ocrx_word' id='word_1_164' title='bbox 796 1803 974 1850; x_wconf 87' lang='lat' dir='ltr'>soedere</span> <span class='ocrx_word' id='word_1_165' title='bbox 1000 1803 1195 1849; x_wconf 85' lang='lat' dir='ltr'>bellum.</span> 
     </span>
     <span class='ocr_line' id='line_1_27' title="bbox 98 1869 1418 1932; baseline 0 -17"><span class='ocrx_word' id='word_1_166' title='bbox 98 1871 222 1915; x_wconf 80' lang='lat' dir='ltr'>Tun]</span> <span class='ocrx_word' id='word_1_167' title='bbox 243 1870 394 1916; x_wconf 87' lang='lat' dir='ltr'>socios</span> <span class='ocrx_word' id='word_1_168' title='bbox 418 1870 668 1932; x_wconf 84' lang='lat' dir='ltr'>moestique</span> <span class='ocrx_word' id='word_1_169' title='bbox 692 1878 870 1917; x_wconf 88' lang='lat' dir='ltr'>metum</span> <span class='ocrx_word' id='word_1_170' title='bbox 893 1870 1073 1917; x_wconf 88' lang='lat' dir='ltr'>solatur</span> <span class='ocrx_word' id='word_1_171' title='bbox 1096 1869 1204 1925; x_wconf 68' lang='lat' dir='ltr'>ltili,</span> <span class='ocrx_word' id='word_1_172' title='bbox 1327 1875 1418 1917; x_wconf 76' lang='lat'>110</span> 
     </span>
     <span class='ocr_line' id='line_1_28' title="bbox 104 1935 1285 2000; baseline -0.002 -17"><span class='ocrx_word' id='word_1_173' title='bbox 104 1939 217 1984; x_wconf 78' lang='lat' dir='ltr'>Fata</span> <span class='ocrx_word' id='word_1_174' title='bbox 238 1937 445 1991; x_wconf 80' lang='lat' dir='ltr'>docens;</span> <span class='ocrx_word' id='word_1_175' title='bbox 483 1937 679 2000; x_wconf 87' lang='lat' dir='ltr'>regique</span> <span class='ocrx_word' id='word_1_176' title='bbox 695 1935 842 1998; x_wconf 88' lang='lat' dir='ltr'>jubet</span> <span class='ocrx_word' id='word_1_177' title='bbox 865 1953 1097 2000; x_wconf 86' lang='lat' dir='ltr'>responsa</span> <span class='ocrx_word' id='word_1_178' title='bbox 1116 1935 1285 1982; x_wconf 84' lang='lat' dir='ltr'>Latino</span> 
     </span>
     <span class='ocr_line' id='line_1_29' title="bbox 103 2003 1200 2066; baseline -0.001 -16"><span class='ocrx_word' id='word_1_179' title='bbox 103 2004 244 2050; x_wconf 84' lang='lat' dir='ltr'>Certa</span> <span class='ocrx_word' id='word_1_180' title='bbox 266 2003 441 2050; x_wconf 81' lang='lat' dir='ltr'>referre</span> <span class='ocrx_word' id='word_1_181' title='bbox 466 2003 607 2060; x_wconf 84' lang='lat' dir='ltr'>viros,</span> <span class='ocrx_word' id='word_1_182' title='bbox 634 2011 683 2050; x_wconf 87' lang='lat' dir='ltr'>et</span> <span class='ocrx_word' id='word_1_183' title='bbox 707 2004 843 2066; x_wconf 86' lang='lat' dir='ltr'>pacis</span> <span class='ocrx_word' id='word_1_184' title='bbox 868 2005 1028 2051; x_wconf 88' lang='lat' dir='ltr'>dicere</span> <span class='ocrx_word' id='word_1_185' title='bbox 1053 2003 1200 2066; x_wconf 71' lang='lat' dir='ltr'>leges·</span> 
     </span>
     <span class='ocr_line' id='line_1_30' title="bbox 173 2070 1396 2134; baseline -0.002 -18"><span class='ocrx_word' id='word_1_186' title='bbox 173 2073 363 2118; x_wconf 82' lang='lat' dir='ltr'>Postera</span> <span class='ocrx_word' id='word_1_187' title='bbox 385 2070 465 2119; x_wconf 85' lang='lat' dir='ltr'>vix</span> <span class='ocrx_word' id='word_1_188' title='bbox 490 2087 702 2117; x_wconf 88' lang='lat' dir='ltr'>summos</span> <span class='ocrx_word' id='word_1_189' title='bbox 729 2071 983 2134; x_wconf 81' lang='lat' dir='ltr'>spargebat</span> <span class='ocrx_word' id='word_1_190' title='bbox 1006 2070 1183 2116; x_wconf 87' lang='lat' dir='ltr'>lumine</span> <span class='ocrx_word' id='word_1_191' title='bbox 1210 2076 1396 2115; x_wconf 78' lang='lat' dir='ltr'>montes</span> 
     </span>
     <span class='ocr_line' id='line_1_31' title="bbox 103 2136 1352 2200; baseline -0.001 -17"><span class='ocrx_word' id='word_1_192' title='bbox 103 2138 227 2185; x_wconf 82' lang='lat' dir='ltr'>Orta</span> <span class='ocrx_word' id='word_1_193' title='bbox 251 2137 367 2194; x_wconf 90' lang='lat' dir='ltr'>dies,</span> <span class='ocrx_word' id='word_1_194' title='bbox 395 2137 506 2184; x_wconf 74' lang='lat' dir='ltr'>cum</span> <span class='ocrx_word' id='word_1_195' title='bbox 532 2137 740 2200; x_wconf 76' lang='lat' dir='ltr'>primum</span> <span class='ocrx_word' id='word_1_196' title='bbox 765 2138 863 2184; x_wconf 90' lang='lat' dir='ltr'>alto</span> <span class='ocrx_word' id='word_1_197' title='bbox 887 2154 933 2184; x_wconf 90' lang='lat' dir='ltr'>se</span> <span class='ocrx_word' id='word_1_198' title='bbox 958 2137 1142 2200; x_wconf 83' lang='lat' dir='ltr'>gurgite</span> <span class='ocrx_word' id='word_1_199' title='bbox 1179 2136 1352 2183; x_wconf 85' lang='lat' dir='ltr'>tollunt</span> 
     </span>
     <span class='ocr_line' id='line_1_32' title="bbox 104 2203 1239 2268; baseline -0.002 -17"><span class='ocrx_word' id='word_1_200' title='bbox 104 2204 227 2251; x_wconf 75' lang='lat' dir='ltr'>Solis</span> <span class='ocrx_word' id='word_1_201' title='bbox 246 2204 374 2266; x_wconf 86' lang='lat' dir='ltr'>equi,</span> <span class='ocrx_word' id='word_1_202' title='bbox 398 2205 654 2268; x_wconf 86' lang='lat' dir='ltr'>lucemque</span> <span class='ocrx_word' id='word_1_203' title='bbox 679 2204 814 2252; x_wconf 86' lang='lat' dir='ltr'>elatis</span> <span class='ocrx_word' id='word_1_204' title='bbox 840 2205 1033 2251; x_wconf 87' lang='lat' dir='ltr'>naribus</span> <span class='ocrx_word' id='word_1_205' title='bbox 1057 2203 1239 2250; x_wconf 85' lang='lat' dir='ltr'>efflant.</span> 
     </span>
     <span class='ocr_line' id='line_1_33' title="bbox 104 2268 1417 2334; baseline -0.003 -16"><span class='ocrx_word' id='word_1_206' title='bbox 104 2272 341 2334; x_wconf 83' lang='lat' dir='ltr'>Campum</span> <span class='ocrx_word' id='word_1_207' title='bbox 363 2270 422 2317; x_wconf 86' lang='lat' dir='ltr'>ad</span> <span class='ocrx_word' id='word_1_208' title='bbox 439 2279 694 2328; x_wconf 87' lang='lat' dir='ltr'>certamen,</span> <span class='ocrx_word' id='word_1_209' title='bbox 718 2288 901 2333; x_wconf 76' lang='lat' dir='ltr'>magnae</span> <span class='ocrx_word' id='word_1_210' title='bbox 913 2270 1250 2318; x_wconf 71' lang='lat' dir='ltr'>submoenibus</span> <span class='ocrx_word' id='word_1_211' title='bbox 1272 2268 1417 2324; x_wconf 86' lang='lat' dir='ltr'>urbis,</span> 
     </span>
     <span class='ocr_line' id='line_1_34' title="bbox 104 2337 1313 2401; baseline -0.003 -16"><span class='ocrx_word' id='word_1_212' title='bbox 104 2338 321 2385; x_wconf 85' lang='lat' dir='ltr'>Dimensi</span> <span class='ocrx_word' id='word_1_213' title='bbox 346 2338 606 2401; x_wconf 83' lang='lat' dir='ltr'>Rutulique</span> <span class='ocrx_word' id='word_1_214' title='bbox 632 2338 718 2385; x_wconf 88' lang='lat' dir='ltr'>viri</span> <span class='ocrx_word' id='word_1_215' title='bbox 741 2338 1023 2400; x_wconf 85' lang='lat' dir='ltr'>Teucrique</span> <span class='ocrx_word' id='word_1_216' title='bbox 1049 2337 1313 2400; x_wconf 84' lang='lat' dir='ltr'>parabant;</span> 
     </span>
     <span class='ocr_line' id='line_1_35' title="bbox 109 2404 1304 2467; baseline -0.002 -17"><span class='ocrx_word' id='word_1_217' title='bbox 109 2407 160 2451; x_wconf 88' lang='lat' dir='ltr'>ln</span> <span class='ocrx_word' id='word_1_218' title='bbox 189 2404 444 2467; x_wconf 84' lang='lat' dir='ltr'>medioque</span> <span class='ocrx_word' id='word_1_219' title='bbox 466 2404 615 2462; x_wconf 76' lang='lat' dir='ltr'>focos,</span> <span class='ocrx_word' id='word_1_220' title='bbox 643 2412 692 2452; x_wconf 85' lang='lat' dir='ltr'>et</span> <span class='ocrx_word' id='word_1_221' title='bbox 717 2405 808 2452; x_wconf 77' lang='lat' dir='ltr'>Dis</span> <span class='ocrx_word' id='word_1_222' title='bbox 837 2405 1174 2451; x_wconf 86' lang='lat' dir='ltr'>communibus</span> <span class='ocrx_word' id='word_1_223' title='bbox 1202 2419 1304 2450; x_wconf 86' lang='lat' dir='ltr'>aras</span> 
     </span>
     <span class='ocr_line' id='line_1_36' title="bbox 108 2470 1379 2535; baseline -0.002 -15"><span class='ocrx_word' id='word_1_224' title='bbox 108 2471 392 2520; x_wconf 77' lang='lat' dir='ltr'>Gramineas</span> <span class='ocrx_word' id='word_1_225' title='bbox 414 2487 425 2519; x_wconf 78' lang='lat' dir='ltr'><strong><em>z</em></strong></span> <span class='ocrx_word' id='word_1_226' title='bbox 463 2471 539 2518; x_wconf 82' lang='lat' dir='ltr'>alii</span> <span class='ocrx_word' id='word_1_227' title='bbox 564 2471 841 2535; x_wconf 83' lang='lat' dir='ltr'>fontemque</span> <span class='ocrx_word' id='word_1_228' title='bbox 866 2471 1119 2535; x_wconf 85' lang='lat' dir='ltr'>ignemque</span> <span class='ocrx_word' id='word_1_229' title='bbox 1145 2470 1379 2524; x_wconf 83' lang='lat' dir='ltr'>fere-bant,</span> 
     </span>
    </p>
   </div>
  </div>
 </body>
</html>
