1607 2700
152 103 241 145 142
479 111 527 144 P.
567 112 818 147 waciul
844 112 1110 148 MAROMS

146 229 415 291 Obstupui,
453 238 780 295 steteruntque
824 249 990 290 comae,
1027 241 1077 279 et
1111 248 1201 279 vox
1237 231 1457 281 faucibus

281 295 435 343 haesit.
1261 300 1455 363 [magno

209 362 355 409 Hunc
380 364 669 428 Polydorum
701 365 802 411 auri
829 366 1072 427 quondam
1098 382 1209 412 cum
1244 367 1454 428 pondere

143 428 312 475 Infelix
339 430 551 477 Priamus
576 431 740 477 furtim
760 431 1006 477 mandarat
1030 433 1254 478 alendum
1390 440 1459 481 50

141 492 368 542 Threicio
394 498 520 559 regi;
559 497 665 543 cuni
683 497 786 558 jam
813 496 1048 544 diffideret
1069 499 1211 545 armis

144 562 418 619 Dardaniae,
447 562 669 624 cingique
691 564 853 609 urbem
881 563 1131 610 obsidione
1152 565 1350 612 videret.

138 628 242 685 Ille,
269 637 319 675 ut
339 646 456 692 opes
481 629 649 675 fractae
660 629 919 685 Teucrum,
945 638 992 676 et
1011 631 1216 678 Fortuna
1237 632 1453 688 recessit,

138 695 234 740 Res
258 695 651 757 Agamemnonias
677 696 986 760 victriciaque
1005 713 1137 743 arma
1157 706 1365 755 secutus,

139 762 229 808 Fas
241 778 381 808 omne
401 762 660 823 abrumpit,
678 763 970 825 Polydorum
989 763 1265 822 obtruncat,
1275 774 1321 810 et
1333 780 1452 811 auro

138 827 193 872 Vi
215 828 408 890 potitur.
482 828 612 885 Quid
638 845 731 875 non
757 831 974 876 mortalia
993 838 1188 892 pectora
1213 830 1360 892 cogis,

134 895 252 940 Auri
278 911 412 942 sacra
436 895 582 943 fames
602 896 623 942 ’.ἲ
660 897 921 959 Postquam
949 913 1098 958 pavor
1121 914 1224 943 ossa
1244 898 1452 960 reliquit,

135 961 360 1008 Delectos
387 963 553 1026 populi
584 962 644 1010 ad
664 979 901 1026 proceres,
939 963 1243 1028 primumque
1281 980 1451 1026 paren-

273 1036 390 1086 tem,
907 1066 912 1072 .
1257 1032 1451 1093 [posco.

133 1094 353 1142 Monstra
397 1097 547 1144 Deum
585 1097 735 1145 refero
757 1116 769 1154 ;
826 1106 890 1154 et,
939 1113 1049 1159 quae
1091 1096 1150 1143 sit
1197 1098 1448 1153 sententia,

132 1161 369 1209 Omnibus
394 1163 518 1209 idem
543 1165 748 1220 animus,
775 1165 1007 1211 scelerata
1031 1163 1267 1211 excedere
1301 1165 1449 1220 terra,

136 1228 370 1291 Linquere
409 1230 647 1292 pollutum
670 1231 950 1294 hospitium,
989 1240 1037 1279 et
1076 1230 1190 1277 dare
1217 1230 1449 1277 classibus

264 1298 486 1343 AustrOS.
1383 1295 1443 1345 δι

130 1361 254 1424 Ergo
279 1364 592 1410 instauramus
615 1363 859 1427 Polydoro
884 1363 1039 1420 funus,
1065 1370 1112 1410 et
1134 1364 1298 1426 ingens

130 1431 384 1491 Aggeritur
405 1431 588 1477 tumulo
615 1431 781 1478 tellus:
822 1439 948 1477 stant
965 1431 1187 1477 manibus
1204 1446 1318 1486 arae,

130 1495 361 1544 Coeruleis
387 1507 571 1544 moestae
593 1497 720 1544 vittis
746 1499 945 1560 atraque
971 1513 1232 1560 cupresso;

128 1563 192 1609 Et
216 1563 396 1610 circum
424 1564 594 1610 Iliades
616 1564 792 1610 crinem
817 1564 875 1611 de
897 1580 1023 1610 more
1050 1564 1235 1610 solutae.

130 1629 385 1676 inferimus
405 1631 572 1693 tepido
597 1631 865 1694 spumantia
889 1630 1083 1694 cymbia
1107 1631 1250 1686 lacte,

130 1696 384 1758 Sanguinis
413 1706 462 1744 et
487 1697 606 1744 sacri
629 1705 843 1761 pateras;
881 1698 1183 1759 animamque
1200 1696 1430 1759 sepulcro

129 1763 413 1820 Condimus,
439 1772 488 1812 et
514 1766 680 1827 magna
706 1780 977 1826 supremum
1005 1779 1122 1810 voce
1147 1763 1343 1810 ciemus.

195 1829 312 1877 Inde
341 1831 420 1877 ubi
445 1831 597 1894 prima
623 1831 742 1878 fides
783 1832 966 1894 pelago,
1000 1830 1280 1893 placataque
1319 1830 1447 1877 venti

129 1895 258 1942 Dant
295 1898 453 1954 maria,
497 1907 543 1945 et
579 1898 699 1945 lenis
732 1898 975 1961 crepitans
1000 1905 1144 1943 vocat
1181 1900 1359 1943 Auster
1397 1897 1446 1944 in

260 1964 408 2011 altum
428 1984 443 2021 ;
1380 1971 1441 2019 70

127 2029 393 2078 Deducunt
418 2031 536 2079 socii
562 2049 721 2089 naves,
751 2040 798 2078 et
824 2033 983 2079 littora
1008 2030 1270 2093 complent.

126 2096 439 2145 Provehimur
477 2107 639 2161 portu,
665 2109 900 2162 terraeque
925 2099 1162 2160 urbesque
1186 2095 1440 2144 recedunt.

193 2163 343 2212 Sacra
366 2166 483 2211 mari
503 2166 682 2212 colitur
701 2166 859 2213 medio
885 2166 1149 2228 gratissima
1170 2163 1313 2211 tellus

127 2229 390 2278 Nereidum
417 2233 554 2279 matri
576 2241 621 2279 et
642 2234 871 2296 Neptuno
896 2234 1057 2295 AEgaeo
1076 2247 1090 2278 z

126 2295 284 2351 Quam
316 2299 419 2359 pius
443 2299 743 2356 Arcitenens,
765 2316 871 2346 oras
894 2308 941 2346 et
961 2301 1119 2346 littora
1145 2297 1329 2344 circum

125 2362 391 2422 Errantem,
413 2366 578 2429 Gyaro
604 2367 732 2413 celsa
758 2369 1067 2430 Myconoque
1093 2365 1306 2421 revinxit,

124 2427 470 2495 Immotamque
496 2433 590 2479 coli
616 2433 768 2489 dedit,
789 2443 837 2481 et
861 2441 1164 2480 contemnere
1191 2439 1375 2478 ventos.

126 2496 238 2543 lluc
257 2497 407 2554 fer0r;
446 2499 549 2546 haec
572 2499 721 2547 fessos
746 2508 851 2547 tuto
876 2500 1205 2563 placidissima
1229 2507 1374 2560 portu·
