1546 2686
506 65 817 108 exoneres.
872 75 978 109 mss.
1017 76 1090 112 w.
1390 70 1446 112 81

139 194 309 241 Intima
333 210 460 242 more
485 211 571 243 suo
591 210 691 239 sese
715 193 760 239 in
787 195 1027 241 cunabula
1053 195 1335 252 condentss

206 261 470 309 Sin-autem
497 262 554 308 ad
582 275 790 321 pugnam
816 260 1014 307 exierint
1037 267 1163 318 (uam
1189 278 1314 325 saepe
1331 260 1451 308 ‹luo-

138 327 347 388 Regibus
371 328 563 375 incessit
579 342 750 388 magno
776 325 1017 372 discordia
1037 336 1181 386 motu,
1339 328 1450 390 [bus

139 393 472 456 Continuoque
497 394 676 441 animos
703 393 829 454 vulgi
882 400 930 439 et
950 392 1235 454 trepidantia
1260 395 1386 441 bello

138 458 296 505 Corda
319 459 428 506 licet
453 460 588 523 longe
609 459 914 522 praesciscere
935 474 945 504 :
983 474 1189 522 namque
1216 470 1453 507 morantes

135 525 340 571 Martius
364 526 438 572 ille
462 529 565 574 aeris
591 528 719 573 rauci
738 541 884 571 canor
904 525 1132 585 increpat,
1170 533 1216 573 et
1241 544 1332 572 vox
1389 534 1447 581 71

134 590 341 637 Auditur
363 591 540 639 fractos
565 593 750 640 sonitus
768 591 949 638 imitata
975 591 1209 650 tubarum3

134 657 260 703 Tum
280 659 478 720 trepidae
495 661 614 707 inter
631 675 678 705 se
696 664 885 713 cocunt,
906 658 1168 720 pennisque
1180 666 1451 715 coruscant,

134 722 423 786 Spiculaque
439 732 675 773 exacuunt
699 725 878 780 rostris,
916 733 1180 787 aptantque
1197 725 1417 782 lacer105‚

133 789 195 835 Et
231 789 356 837 circa
380 807 535 852 regem
562 801 704 854 atque
724 790 826 853 ipsa
851 790 908 836 ad
932 792 1148 852 praetoria
1174 791 1333 838 densae

132 855 412 913 Miscentur,
453 859 729 921 magnisque
748 865 920 903 vocant
945 857 1232 904 clamoribus
1254 857 1455 915 hostem)

133 921 278 983 Ergo,
318 923 398 969 ubi
422 940 503 971 ver
522 934 677 971 nactae
697 923 882 979 sudum,
902 938 1197 986 camposque
1215 932 1450 986 patentes,

132 987 404 1051 Erumpunt
422 991 602 1052 portis3
641 990 963 1044 concurritur;
1003 989 1176 1037 aethere
1201 991 1249 1036 iu
1274 991 1372 1037 alto

132 1053 205 1099 Fit
222 1055 429 1110 sonitus;
452 1073 672 1120 magnum
696 1057 852 1102 mixtae
870 1056 1242 1118 glomeranturin
1268 1057 1451 1114 orbem,

131 1120 506 1183 Praecipitesque
547 1123 747 1170 cadunt:
779 1139 871 1168 non
900 1121 1090 1169 densior
1125 1128 1232 1170 a'ere
1252 1123 1450 1186 grando,

129 1185 233 1233 Nec
257 1187 315 1234 de
341 1191 571 1237 concussa
588 1197 769 1236 tantum
791 1189 908 1250 pluit
933 1189 1036 1235 ilice
1061 1189 1262 1249 glandis.
1391 1197 1442 1237 81

129 1252 228 1314 Ipsi
244 1269 328 1316 per
363 1256 541 1302 medias
568 1257 707 1310 acies,
746 1255 1010 1316 insignibus
1031 1256 1133 1312 alis,

130 1319 352 1381 Ingentes
377 1322 559 1368 animos
584 1330 788 1383 angusto
814 1322 856 1367 in
879 1330 1072 1382 pectore
1098 1331 1312 1379 versant;

130 1385 292 1447 Usque
317 1386 436 1434 adeo
452 1389 612 1434 obnixi
629 1403 721 1434 non
743 1387 1040 1436 cedere‚dum
1061 1389 1231 1449 gravis,
1254 1398 1334 1436 aut
1350 1389 1450 1446 hos,

127 1454 226 1499 Aut
253 1454 351 1510 hos,
391 1471 522 1501 versa
540 1454 652 1516 fuga
691 1455 840 1499 victor
865 1452 976 1499 dare
1002 1462 1132 1515 terga
1158 1456 1365 1518 subegit.

129 1518 192 1564 Hi
219 1529 374 1566 motus
415 1522 695 1577 animorum,
734 1529 875 1581 atque
902 1521 1002 1566 liaec
1030 1521 1287 1568 certamina
1323 1531 1452 1570 tanta

129 1585 338 1632 Pulveris
357 1587 511 1648 exigui
530 1588 668 1648 jactu
705 1602 974 1646 compressa
999 1587 1252 1648 quiescent.

193 1653 362 1699 Verum
403 1654 482 1699 ubi
502 1653 724 1701 ductores
750 1653 850 1698 acie
888 1653 1175 1699 revocaveris
1200 1655 1383 1712 ambos,

128 1717 347 1765 Deterior
370 1720 452 1781 qui
475 1721 615 1776 visus,
653 1735 777 1773 eum,
816 1735 870 1764 ne
896 1719 1124 1781 prodigus
1143 1721 1283 1777 obsit,

129 1783 265 1830 Dede
290 1788 394 1831 neci
417 1803 428 1840 ;
467 1786 630 1832 melior
650 1786 799 1832 vacua
824 1784 922 1830 sine
946 1795 1108 1847 regnet
1133 1786 1176 1832 in
1203 1788 1326 1834 aula.
1385 1795 1449 1845 90

127 1850 264 1896 Alter
287 1852 373 1897 erit
398 1853 589 1898 maculis
609 1869 724 1898 auro
745 1851 1072 1913 squalentibus
1093 1852 1265 1900 ardens
1288 1871 1300 1908 ;

128 1916 270 1975 (Nau)
292 1917 387 1964 duo
413 1928 523 1964 sunt
548 1922 737 1980 genera)
765 1917 840 1964 hic
866 1917 1046 1973 melior,
1070 1918 1262 1980 insignis
1287 1928 1331 1967 et
1350 1936 1448 1977 ore,

128 1983 190 2028 Et
217 1984 368 2030 rutilis
395 1985 550 2031 clarus
577 1984 781 2047 squamis
804 2001 815 2037 ;
854 1983 932 2029 ille
959 1984 1178 2031 horridus
1214 1986 1330 2033 alter

129 2048 344 2105 Desidia,
382 2051 621 2113 latamque
648 2051 837 2097 trahens
859 2050 1079 2112 inglorius
1105 2053 1276 2099 alvum.

130 2115 198 2160 Ut
224 2115 345 2162 binae
371 2134 530 2179 regum
559 2118 724 2172 facies,
763 2117 828 2162 ita
864 2132 1065 2179 corpora
1100 2119 1283 2180 plebis:

129 2180 349 2244 Namque
374 2184 476 2229 aliae
511 2192 674 2246 turpes
700 2184 905 2238 horrent,
945 2199 1031 2229 ceu
1057 2185 1248 2246 pulvere
1273 2186 1333 2233 ab
1353 2185 1451 2233 alto

130 2246 253 2293 Cum
272 2250 414 2305 venit,
451 2258 500 2296 et
519 2258 687 2296 terram
716 2250 842 2296 sicco
860 2250 988 2311 spuit
1012 2268 1091 2296 ore-
1116 2252 1266 2298 viator

130 2313 333 2369 Aridus;
369 2315 556 2362 elucent
572 2317 690 2371 aliae,
729 2324 775 2363 et
801 2315 979 2378 fulgore
1006 2327 1271 2375 coruscant,

130 2379 368 2428 Ardentes
405 2398 537 2437 aum,
575 2393 621 2429 et
639 2383 833 2445 paribus
853 2384 934 2428 lita
958 2399 1154 2445 corpora
1181 2385 1341 2446 guttis,

131 2443 250 2490 Haec
267 2446 425 2508 potior
447 2449 659 2495 soboles:
697 2448 805 2495 hinc
831 2449 936 2496 coeli
962 2459 1172 2512 tempore
1198 2459 1327 2498 certo
1359 2457 1449 2497 100

133 2509 310 2559 Dulcia
326 2514 460 2560 mella
484 2529 692 2577 premes;
712 2531 797 2562 nec
819 2517 998 2562 tantuin
1020 2517 1192 2573 dulcia,
1216 2516 1448 2580 quantum
