1607 2700
504 55 762 90 AENEmos
803 55 911 89 ΜΒ.
951 60 1024 91 1v.
1319 50 1398 92 181

114 174 225 231 Hic,
251 182 504 237 postquam
539 173 708 219 Iliacas
733 182 881 219 vestes
905 182 1162 237 notumque.
1189 176 1344 224 cubile

111 240 388 301 Conspexit,
413 239 624 302 paullum
648 239 872 302 lacrymis
897 248 946 286 et
969 250 1122 286 mente
1149 252 1344 300 morata,

111 306 426 368 Incubuitque
451 313 573 361 toro,
595 305 811 366 dixitque
827 306 1080 352 novissima
1104 309 1246 356 verba
1267 327 1278 356 :
1315 308 1410 359 650

111 372 292 419 Dulces
314 372 513 427 exuviae,
539 371 651 418 dum
676 370 772 417 fata
797 374 1025 434 Deusque
1044 372 1277 431 sinebant,

110 438 326 502 Accipite
353 438 472 484 hanc
500 439 721 493 animam,
746 455 911 500 meque
934 439 1002 485 his
1022 439 1248 487 exsolvite
1271 442 1392 488 curis

110 505 234 561 Vixi,
260 511 308 551 et
331 521 472 566 quem
497 504 693 551 dederat
716 521 904 551 cursum
930 504 1135 562 fortuna,
1163 510 1343 570 peregi;

108 570 171 618 Et
193 586 317 617 nunc
343 586 511 632 magna
536 571 622 616 mei
648 571 737 617 sub
763 578 907 618 terras
932 571 1019 618 ibit
1043 571 1214 634 imago.

108 637 288 685 Urbem
313 638 591 699 praeclaram
618 637 791 684 statui:
830 655 934 685 mea
959 638 1128 685 moeuia
1155 639 1276 686 vidi:

107 703 219 750 Uita
240 703 409 761 virum,
436 719 601 766 poenas
622 703 812 750 inimico
838 720 865 750 a
890 704 1031 751 fratre
1055 705 1242 767 recepi:

107 770 252 827 Felix,
281 770 369 816 heu
395 771 592 817 nimium
617 770 755 818 felix!
795 771 831 816 si
852 771 1009 817 littora
1029 770 1212 818 tantum

104 835 364 900 Nunquam
392 837 647 884 Dardaniae
673 837 934 899 tetigissent
958 846 1115 883 nostra
1140 838 1330 885 carinae.

105 903 266 959 Dixit;
307 912 367 959 et,
393 921 445 950 os
470 905 700 967 impressa
726 911 846 960 tor0,
874 904 1128 950 moriemur
1150 904 1338 953 inultae!

105 969 198 1016 Sed
220 970 487 1027 moriamur,
515 972 599 1017 ait:
645 970 728 1027 sic,
762 970 981 1031 sicjuvat
999 971 1064 1017 ire
1089 971 1177 1018 sub
1199 972 1388 1018 umbras

104 1035 305 1084 Hauriat
330 1036 454 1083 hunc
480 1037 633 1083 oculis
658 1037 815 1098 ignem
840 1036 1045 1083 crudelis
1072 1038 1133 1084 ab
1159 1038 1256 1084 alto
1307 1038 1396 1086 661

101 1102 365 1159 Dardanus,
392 1110 440 1150 ct
464 1111 636 1150 nostrae
661 1119 822 1150 secum
848 1103 965 1150 ferat
992 1102 1145 1149 omina
1173 1104 1352 1152 mortis.

167 1169 363 1217 Dixerat
384 1189 396 1226 ;
435 1178 580 1232 atque
605 1170 730 1216 illam
764 1169 916 1221 media
941 1170 1060 1216 inter
1084 1170 1192 1217 talia
1218 1170 1339 1217 ferro

102 1236 376 1299 Collapsam
397 1237 629 1299 aspiciunt
649 1239 866 1292 comites,
895 1253 1149 1298 ensemque
1170 1254 1337 1283 cruore

101 1304 432 1364 Spumantem,
460 1320 740 1365 sparsasque
760 1319 944 1349 manu5.
971 1305 1015 1349 It
1031 1303 1209 1349 clamor
1227 1303 1284 1349 ad
1307 1306 1401 1350 alta

101 1369 249 1425 Atria,
276 1386 559 1417 concussam
587 1371 848 1416 bacchatur
873 1369 996 1415 fama
1022 1385 1104 1430 per
1130 1370 1313 1416 urbem.

101 1435 339 1483 Lamentis
360 1437 632 1499 gemituque
655 1444 704 1483 et
729 1436 952 1483 foemineo
973 1436 1153 1482 ululatu

100 1502 254 1549 Tecta
266 1502 487 1560 fremunt,
509 1510 695 1550 resonat
710 1503 891 1565 magnis
911 1502 1221 1565 plangoribus
1239 1503 1400 1550 aether.

98 1568 210 1615 Non
247 1569 379 1616 aliter
402 1569 544 1631 quani
571 1570 605 1615 si
629 1569 844 1616 immissis
881 1577 987 1615 ruat
1012 1569 1228 1615 hostibus
1247 1570 1400 1616 omnis

99 1635 852 1699 Carthago,autantiquaTyros;
879 1634 1177 1698 flammaeque
1189 1635 1399 1682 furentes

97 1701 312 1748 Culmina
330 1718 510 1766 perque
531 1702 776 1749 hominum
802 1703 1056 1750 volvantur
1072 1718 1251 1765 perque
1276 1704 1401 1749 Deo-

230 1784 350 1816 rum.
1304 1767 1395 1822 671

161 1835 327 1882 Audiit
349 1835 590 1892 exanimis,
617 1835 901 1898 trepidoque
926 1834 1145 1881 exterrita
1171 1850 1325 1890 cursu,

97 1901 345 1964 Unguibus
370 1918 454 1949 ora
479 1918 610 1950 soror
634 1902 817 1949 fcedans
835 1910 883 1948 et
906 1909 1099 1963 pectora
1125 1901 1309 1963 pugnis,

96 1967 185 2014 Per
208 1967 386 2015 medios
405 1969 513 2024 ruit,
539 1985 596 2015 ac
623 1968 895 2015 morientem
923 1968 1111 2014 nomine
1138 1968 1342 2015 clamat:

98 2034 206 2081 Hoc
230 2034 364 2089 illud,
385 2052 622 2097 germana,
648 2034 775 2082 fuit‘l
812 2052 886 2081 me
911 2033 1075 2080 fraude
1100 2034 1332 2096 petebas?

102 2100 204 2147 Hoc
229 2117 368 2163 rogus
394 2102 483 2149 iste
504 2102 632 2158 mibi,
659 2102 750 2148 hoc
776 2101 903 2162 ignes
924 2117 1111 2163 araeque
1139 2100 1399 2163 parabant?

98 2166 225 2220 Quid
242 2168 442 2229 primum
464 2169 647 2216 deserta
666 2170 865 2230 querar?
892 2167 1174 2214 comitemne
1193 2183 1398 2214 sororem

97 2234 326 2294 Sprevisti
352 2235 589 2282 moriens?
624 2234 788 2281 eadem
815 2251 889 2281 me
914 2233 974 2280 ad
1002 2234 1099 2280 fata
1125 2235 1362 2288 Vocasses‚

96 2300 227 2346 Idem
247 2301 411 2347 ambas
424 2301 544 2348 ferro
555 2301 708 2357 dolor,
725 2309 868 2364 atque
880 2300 1044 2348 eadem
1064 2301 1178 2347 hora
1196 2300 1395 2347 tulisset.

96 2366 184 2413 His
209 2366 349 2412 etiam
374 2368 523 2415 struxi
549 2368 785 2422 manibus,
807 2367 1082 2430 patriosque
1109 2366 1277 2413 vocavi
1304 2367 1399 2415 630

95 2433 229 2480 Voce
251 2433 412 2488 Deos3
449 2434 515 2482 sic
541 2442 585 2481 te
613 2443 661 2481 ut
687 2433 837 2497 posita
860 2433 1066 2481 crudelis
1090 2433 1334 2480 abessem?

233 2496 369 2563 Virg.
1235 2500 1270 2544 F
