1614 2694
517 54 825 91 GEORGHJA.
870 58 981 93 ΜΒ.
1022 60 1056 92 ι.
1365 53 1426 99 37

121 154 294 218 Virgea
318 160 547 217 praeterea
568 152 698 198 Celei
723 152 922 214 vilisque
949 155 1182 216 supellex,

120 222 348 268 Arbuteae
362 227 532 274 crateS,
549 227 598 264 et
617 219 815 281 mystica
841 236 1020 265 vannus
1051 222 1223 267 lueclii.

118 286 292 334 Omnia
329 302 439 350 quae
477 284 631 331 multo
651 286 760 331 ante
785 302 966 331 memor
991 289 1182 347 provisa
1204 305 1422 351 repones,

120 354 171 401 Si
196 361 240 400 te
265 353 409 415 digna
434 359 594 398 manet
617 351 766 397 (livini
785 353 929 414 gloria
955 354 1093 398 ruris.

119 420 358 467 Continuo
378 419 424 465 in
451 418 579 464 silvis
606 420 775 478 magna
796 419 838 464 vi
864 419 981 465 flexa
1009 419 1232 466 domatur

118 487 175 532 In
202 487 373 542 burim,
399 493 447 532 et
470 484 603 531 curvi
627 484 826 530 formam
854 486 1031 548 accipit
1056 487 1207 532 ulmus
1232 490 1388 535 aratri.

118 552 245 599 Huic
271 569 297 599 a
324 553 470 614 stirpe
488 550 638 614 pedes
664 560 789 597 tenio
811 562 1054 612 protentus
1078 554 1121 597 in
1149 564 1276 609 octo,
1334 563 1418 610 171

118 617 254 666 Binae
277 635 429 674 aureS,
457 618 641 680 duplici
666 626 894 680 aptantur
919 619 1126 665 dentalia
1153 619 1312 666 dorso.

118 685 332 732 Caeditur
355 694 403 733 et
426 685 523 731 tilia
551 686 659 731 ante
678 686 800 746 jugo
826 686 957 741 levis,
978 686 1170 748 altaque
1193 687 1348 746 fagus,

118 752 361 815 Stivaque,
387 768 496 815 quae
522 768 686 798 currus
708 768 735 798 a
759 761 895 814 tergo
915 762 1137 814 torqueat
1161 755 1304 800 imos:

116 818 181 865 Et
206 835 440 882 suspensa
466 818 586 865 focis
613 820 831 879 explorat
854 820 1029 866 robora
1050 820 1225 866 fumus.

116 885 312 932 Possum
341 886 490 932 multa
513 885 599 931 tibi
625 895 832 932 veterum
858 895 1104 948 praecepta
1129 887 1320 942 referre,

119 951 182 998 Ni
208 952 402 1014 refugis,
428 961 693 1014 tenuesque
718 952 850 1014 piget
874 969 1166 1015 cognoscere
1202 971 1356 1000 curas.

115 1021 239 1066 Area
263 1036 374 1066 cum
399 1019 560 1082 primis
585 1020 759 1081 ingenti
786 1020 1025 1081 aequanda
1047 1021 1279 1082 cylindro,

115 1085 178 1132 Et
197 1086 419 1133 vertenda
444 1102 604 1143 manu,
631 1095 678 1132 et
702 1088 833 1133 creta
858 1086 1109 1134 solidanda
1132 1089 1316 1136 tenaci:

114 1151 189 1200 Ne
213 1153 413 1200 subeant
425 1153 600 1210 herbae,
618 1153 915 1216 neupulvere
940 1154 1069 1201 victa
1086 1153 1302 1203 fatiscat:
1334 1163 1423 1203 180

113 1219 242 1266 Tum
270 1221 406 1267 variae
424 1220 630 1268 illudunt
653 1230 836 1282 pestes:
874 1237 1002 1283 saepe
1026 1221 1224 1282 exiguus
1251 1239 1354 1270 mus

116 1285 214 1332 Sub
234 1289 366 1334 terris
391 1287 648 1349 posuitque
673 1286 858 1343 domos,
886 1297 1029 1349 atque
1055 1289 1219 1334 horrea
1241 1288 1353 1337 fecit
1374 1309 1386 1339 :

115 1355 213 1399 Aut
236 1354 389 1400 oculis
416 1354 552 1417 capti
577 1353 745 1401 fodere
772 1354 947 1399 cubilia
973 1356 1137 1416 talpae3

114 1419 438 1482 Inventusque
453 1421 583 1466 cavis
599 1420 732 1476 bufo,
746 1430 792 1466 et
810 1437 917 1482 quae
934 1422 1419 1487 plurimaterrae[vum

115 1486 336 1534 Monstra
353 1489 511 1534 serunt
531 1504 543 1542 ;
570 1487 867 1549 populatque
888 1488 1123 1549 ingentem
1143 1488 1275 1536 farris
1295 1508 1422 1537 acer-

116 1553 359 1611 Curcnlio‚
385 1561 533 1616 atque
557 1554 690 1617 inopi
713 1562 931 1600 metuens
952 1554 1148 1600 formica
1170 1565 1396 1604 senectae.

114 1620 479 1684 Contemplator
501 1620 630 1677 item,
657 1619 766 1666 cum
795 1637 843 1666 se
868 1636 964 1666 nux
990 1621 1192 1683 plurima
1216 1624 1349 1670 silvis

113 1686 289 1735 Induet
310 1688 358 1734 in
382 1686 564 1743 florem,
587 1696 633 1734 et
656 1703 813 1733 ramos
834 1689 1055 1734 curvabit
1080 1688 1286 1736 olentes:

113 1753 163 1800 Si
188 1763 418 1816 superant
442 1753 599 1810 foetus,
626 1753 803 1817 pariter
825 1753 1063 1801 frumenta
1086 1766 1362 1817 sequentur,

113 1820 386 1884 Magnaque
411 1837 522 1867 cnm
549 1837 720 1883 magno
740 1820 896 1867 veniet
917 1821 1085 1867 tritura
1110 1823 1286 1871 calore.
1329 1833 1420 1881 190

112 1888 177 1933 At
197 1888 235 1933 si
262 1887 446 1934 luxuri-a
469 1887 689 1933 foliorum
712 1887 942 1934 exuberat
968 1889 1151 1945 umbra,

113 1953 452 2016 Nequicquam
479 1958 680 2016 pingues
703 1953 840 2015 palea
866 1963 984 2000 teret
1009 1970 1120 2000 area
1145 1955 1345 2002 culmos.

112 2020 299 2067 Semina
322 2020 419 2067 vidi
443 2021 666 2084 equidem
695 2020 870 2066 multos
890 2021 1126 2067 medicare
1151 2032 1370 2080 serentes,

112 2087 175 2133 Et
196 2087 320 2134 nitro
346 2088 475 2150 prius
502 2097 550 2134 et
574 2087 706 2149 nigra
732 2086 1017 2148 perfundere
1040 2090 1252 2145 amurca,

113 2153 358 2201 Grandior
380 2162 431 2201 ut
456 2154 598 2200 foetus
622 2154 804 2216 siliquis
831 2153 1082 2201 fallacibus
1105 2165 1250 2202 esset.

115 2220 173 2266 Et
199 2221 415 2282 quamvis
439 2221 536 2283 igni
557 2221 729 2283 exiguo
753 2230 1005 2283 properata
1024 2222 1285 2279 maderent,

115 2285 225 2332 vidi
247 2288 374 2334 lecta
398 2288 562 2343 diu,-et
588 2288 739 2334 multo
765 2295 987 2350 spectata
1007 2287 1188 2344 labore,

114 2352 412 2414 Degenerare
431 2362 611 2408 tamem
639 2354 686 2399 ni
710 2354 776 2399 vis
802 2355 1008 2400 humana
1032 2356 1286 2417 quotannis

114 2419 330 2466 Maxima
349 2437 553 2484 quaeque
580 2436 718 2467 manu
745 2420 949 2482 legeret:
996 2421 1064 2469 sic
1090 2422 1245 2470 omnia
1274 2422 1385 2469 fatis

132 2500 139 2533 τ
183 2484 225 2531 V
222 2485 321 2549 irg.
1315 2491 1354 2534 Β
