1607 2700
543 89 802 124 AExssmos
844 88 953 121 Llss.
994 87 1094 122 vu.
1378 79 1473 122 235

649 269 847 316 LIBER
882 269 993 316 VII.

152 380 248 440 TU
275 406 469 454 quoque
496 389 736 437 littoribus
760 391 949 447 nostris,
979 391 1140 436 AEueIa
1166 390 1343 447 nutrix,

153 464 398 509 AEternam
424 458 629 504 moriens
659 456 856 512 famam,
897 458 1079 512 Caieta,
1119 456 1321 510 dedisti;

154 529 215 574 Et
239 540 364 571 nunc
381 535 536 571 servat
555 524 707 570 honos
725 524 887 571 sedem
911 534 1042 577 tuus;
1070 540 1279 584 ossaque
1302 539 1477 570 nomen

154 591 388 653 Hesperia
414 590 457 636 in
482 591 667 650 magna,
703 592 740 637 si
767 608 862 654 qua
886 598 956 637 est
980 607 1036 637 ea
1061 590 1224 651 gloria,
1252 589 1422 649 signat.

152 662 216 707 At
241 658 349 720 pius
375 658 589 720 exequiis
620 660 788 704 AEneas
818 658 902 705 rite
929 658 1111 711 solutis,

152 727 341 788 Aggere
357 725 630 788 composito
652 724 835 781 tumuli,
856 731 1110 787 postquam
1134 722 1230 769 alta
1255 723 1475 784 quierunt

151 794 377 855 AEquora,
414 791 570 839 tendit
594 791 683 838 iter
704 792 831 846 velis,
860 801 1145 853 portumque
1171 789 1412 850 relinquit.

152 859 386 921 Aspirant
410 875 537 904 aurae
562 858 607 903 in
636 867 857 912 noctem;
899 874 985 903 nec
1021 857 1224 902 candida
1252 872 1445 902 cursum

154 925 291 972 Luna
315 933 477 987 uegat3
517 925 738 986 splendet
762 924 966 970 tremulo
984 926 1070 969 sub
1090 923 1266 969 lumine
1283 932 1477 985 pontus.

221 992 443 1039 Proxima
468 992 666 1038 Circaeae
691 990 922 1037 raduntur
948 991 1103 1036 littora
1130 1001 1268 1035 terrae
1290 1007 1301 1043 ;
1425 996 1479 1034 lO

155 1058 302 1105 Dives
327 1059 600 1105 inaccessos
623 1057 703 1104 ubi
731 1058 854 1104 Solis
880 1057 979 1104 tilia
1004 1057 1142 1103 lucos

151 1124 364 1172 Assiduo
388 1133 580 1171 resonat
605 1134 769 1178 cantu,
799 1125 1040 1186 tectisque
1066 1122 1282 1182 superbis

150 1192 258 1240 Urit
282 1192 531 1239 odoratam
558 1200 796 1238 nocturna
821 1191 866 1237 iu
892 1191 1069 1236 lumina
1095 1189 1312 1244 cedrum,

151 1262 342 1322 Arguto
363 1267 527 1305 tenues
554 1274 833 1321 percurrens
860 1257 1052 1319 pectine
1080 1257 1214 1303 telas.

152 1325 279 1372 Hinc
307 1325 520 1372 exaudiri
540 1325 759 1388 gemitus,
788 1324 965 1386 iraeque
992 1325 1182 1370 leonum

151 1392 319 1438 Vincla
347 1392 673 1447 recusantum,
701 1400 748 1438 ct
774 1394 875 1438 sera
903 1390 992 1436 sub
1018 1399 1159 1436 nocte
1187 1387 1442 1436 rudentum
1466 1406 1478 1443 ;

153 1459 453 1521 Setigerique
478 1475 602 1515 sues,
631 1466 776 1520 atque
803 1460 849 1505 in
877 1457 1175 1520 praesepibus
1198 1457 1289 1504 ursi

153 1526 350 1581 Saevire,
389 1542 446 1573 ac
471 1525 637 1573 formae
662 1542 941 1586 magnorum
969 1524 1147 1570 ululare
1172 1524 1423 1586 luporum:

154 1592 290 1646 Quos
318 1592 562 1639 hominum
589 1608 645 1638 ex
664 1593 785 1639 facie
808 1595 911 1638 Dea
932 1608 1055 1637 saeva
1079 1592 1358 1652 potentibus
1382 1591 1481 1635 lier-

152 1658 380 1706 Induerat
409 1659 546 1706 Circe
571 1659 618 1705 in
639 1659 798 1706 vultus
823 1675 879 1705 ac
906 1667 1037 1720 terga
1058 1658 1278 1704 ferarum.
1385 1656 1479 1718 [bis

154 1725 277 1779 Quae
297 1741 353 1772 ue
378 1735 589 1773 monstra
614 1727 680 1788 pii
707 1735 983 1788 paterentur
1007 1726 1120 1772 talia
1145 1727 1314 1780 TroeS,
1418 1731 1475 1771 Ql

152 1792 315 1839 Delati
340 1792 386 1839 in
413 1802 602 1855 portus,
630 1810 724 1840 neu
745 1794 907 1840 littora
936 1792 1040 1838 dira
1065 1793 1311 1847 subn-eun

151 1859 412 1922 Neptunus
437 1860 588 1907 ventis
614 1860 829 1924 implevit
848 1860 953 1905 vela
979 1858 1214 1915 secundis,

162 1928 318 1988 Atque
342 1925 504 1989 fugam
530 1926 682 1982 dedit,
709 1936 754 1973 et
781 1935 957 1989 praeter
981 1925 1103 1973 vada
1127 1925 1312 1973 fervida
1337 1936 1480 1973 vexit.

217 1992 423 2054 Jamque
450 1993 734 2041 rubescebat
751 1994 891 2040 radiis
915 2009 1054 2048 mare,
1074 2002 1120 2040 et
1137 1994 1310 2040 aethere
1333 1993 1384 2038 ab
1419 1993 1483 2038 al-

153 2061 345 2108 Aurora
368 2059 414 2106 in
440 2060 584 2106 roseis
609 2059 823 2123 fulgebat
850 2061 977 2106 lutea
1005 2060 1124 2121 bigis
1146 2077 1157 2114 ;
1410 2062 1480 2122 [to

158 2125 284 2174 Cum
310 2126 438 2173 venti
464 2142 681 2189 posuere,
709 2128 957 2189 omnisque
984 2129 1179 2188 repente
1206 2126 1382 2174 resedit

156 2193 333 2248 Flatus,
359 2192 475 2240 etin
502 2194 632 2240 lento
657 2195 898 2241 luctantur
925 2210 1157 2241 marmore
1179 2204 1347 2241 tonsae.

157 2261 316 2321 Atque
341 2259 419 2307 hic
445 2261 619 2307 AEneas
646 2261 884 2324 ingentem
912 2278 967 2306 ex
997 2277 1191 2323 aequore
1222 2263 1379 2307 lucum

157 2324 425 2386 Prospicit:
466 2328 593 2374 hunc
621 2328 739 2374 inter
763 2327 908 2374 fluvio
926 2328 1184 2375 Tiberinus
1203 2346 1399 2385 amoeno,
1421 2337 1482 2378 30

158 2391 435 2439 Vorticibus
459 2393 640 2459 rapidis
667 2403 716 2442 et
742 2396 891 2443 multa
918 2395 1070 2442 flavus
1104 2398 1261 2454 arena,

162 2458 215 2503 ln
242 2473 369 2505 mare
393 2462 681 2525 prorumpit.
754 2462 909 2510 Variae
935 2462 1215 2529 circumque
1243 2464 1482 2528 supraque
