1607 2700
161 21 253 70 168
487 35 536 69 P.
574 35 823 71 v1RG1L11
864 36 1128 72 Manoms

146 149 372 205 Foemina,
398 165 506 212 quae
523 150 695 199 nostris
717 167 877 199 errans
896 151 941 198 in
962 151 1136 198 finibus
1154 151 1314 199 urbem
1363 161 1389 203 2
1404 162 1451 201 ll

143 217 375 279 Exiguam
399 216 552 278 pretio
576 218 767 280 posuit;
793 219 873 264 cui
896 218 1027 265 littus
1050 219 1298 274 arandum,

142 283 329 344 Cuique
353 282 448 329 loci
473 283 599 345 leges
626 283 858 341 dedimus,
884 285 1124 331 connubia
1145 295 1307 332 nostra

142 349 350 410 Repulit,
378 365 434 395 ac
459 349 703 396 dominum
730 352 908 398 AEnean
934 351 979 396 in
1007 368 1149 414 regna
1176 353 1374 414 recepit.

139 415 200 461 Et
226 432 352 462 nunc
378 416 453 462 ille
480 417 609 463 Paris
630 433 738 463 cum
763 417 982 463 semiviro
1009 419 1254 475 comitatu,

141 482 354 529 Maeoni-<⁴1
379 490 588 529 mentum
616 483 753 530 mitra
780 484 1057 545 crinemque
1081 484 1351 532 madentem

141 549 412 605 Subuexus,
437 557 576 611 rapto
598 549 814 610 potitum
844 566 930 596 nos
958 567 1153 597 munera
1172 554 1364 614 templis

141 614 339 678 Quippe
363 615 458 661 tuis
486 615 698 670 ferimus,
720 616 991 677 famamque
1006 616 1224 663 fovemus
1245 619 1450 664 inanem,

203 681 404 727 Talibus
429 689 645 728 orantem
673 682 829 737 dictis,
855 699 1057 744 arasque
1083 692 1317 730 tenentem

136 747 310 794 Audiit
334 747 669 810 omnipotens;
697 749 961 811 oculosque
998 750 1055 794 ad
1088 751 1256 796 moenia
1283 752 1417 797 torsit

137 812 301 875 Regia,
328 822 374 860 et
404 814 580 860 oblitos
606 814 746 861 famae
774 815 972 862 melioris
1000 824 1232 863 amantes.
1353 826 1438 867 22!

136 880 262 926 Tum
290 880 359 926 sic
386 873 677 928 Mercurium
704 882 977 944 alloquitur,
1003 898 1058 928 ac
1085 883 1194 928 talia
1221 883 1445 930 mandat:

135 946 270 994 Vade
296 963 401 1009 age,
428 959 558 1006 nate,
586 966 704 995 voca
725 949 988 1012 Zephyros,
1008 937 1233 996 etlabere
1252 953 1446 1010 pennis:

136 1012 529 1077 Dardaniumque
551 1015 742 1071 ducem,
762 1017 906 1077 Tyria
921 1016 1209 1077 Carthagine
1224 1017 1305 1077 qui
1324 1034 1446 1063 nunc

134 1079 389 1141 Expectat,
412 1081 621 1142 fatisque
647 1081 780 1128 datas
807 1098 896 1128 non
926 1083 1117 1143 respicit
1143 1099 1198 1129 ui
1203 1084 1296 1137 bes

134 1147 413 1209 Alloquere,
437 1156 484 1194 et
510 1149 688 1195 celeres
714 1148 846 1194 defer
872 1166 973 1194 mea
998 1148 1130 1196 dicta
1155 1166 1240 1212 per
1259 1166 1413 1196 auras.

133 1211 246 1259 Non
274 1213 401 1259 illum
429 1215 566 1260 nobis
593 1215 793 1277 genitrix
819 1215 1137 1276 pulcherrima
1170 1216 1310 1262 talem

133 1278 374 1336 Promisit,
402 1281 697 1343 Graiumque
723 1282 829 1327 ideo
856 1282 926 1328 bis
953 1282 1162 1328 vindicat
1182 1283 1353 1328 armis:

134 1346 225 1393 Sed
257 1347 371 1404 fore,
393 1347 472 1410 qui
493 1348 763 1409 gravidam
753 1348 980 1410 imperiis,
1003 1348 1224 1412 belloque
1243 1348 1443 1396 fremen-

271 1424 364 1460 tem

134 1478 321 1526 Italiam
346 1488 543 1542 regeret,
571 1498 717 1541 genus
737 1481 831 1527 alto
848 1497 874 1527 a
893 1482 1121 1545 sanguine
1140 1481 1316 1528 Teucri
1347 1489 1442 1531 230

133 1545 378 1606 Proderet,
403 1563 460 1593 ac
493 1555 644 1594 totum
672 1548 760 1594 sub
785 1549 910 1609 leges
935 1550 1144 1595 mitteret
1169 1549 1351 1596 orbem.

135 1612 184 1656 Si
211 1614 341 1660 nulla
359 1615 582 1660 accendit
605 1622 843 1660 tantarum
866 1614 1010 1674 gloria
1034 1632 1208 1672 rerum,

133 1678 237 1724 Nec
264 1695 403 1742 super
428 1680 528 1742 ipse
554 1680 639 1726 sua
665 1680 859 1728 molitur
885 1680 1025 1728 laude
1047 1681 1254 1727 laborem
1276 1700 1289 1739 ;

133 1746 398 1793 Ascanione
425 1754 562 1808 pater
589 1747 829 1792 Romanas
854 1747 1034 1795 invidet
1058 1746 1230 1794 arces?

133 1811 259 1865 Quid
279 1813 434 1870 struit,
454 1822 538 1859 aut
552 1813 649 1873 qua
667 1830 750 1876 spe
766 1813 959 1861 inimica,
977 1814 1022 1861 in
1042 1822 1182 1878 gente
1201 1814 1440 1861 moratur?

134 1878 236 1924 Nec
263 1879 450 1941 prolem
478 1880 736 1926 Ausoniam
758 1888 807 1927 et
830 1880 1026 1927 Lavinia
1043 1881 1239 1943 respicit
1257 1897 1367 1927 arva
1388 1883 1407 1928 3

135 1944 358 2006 Naviget.
396 1947 515 1993 Haec
534 1962 717 1992 sumnia
735 1954 820 2002 est,
842 1948 918 1994 hic
935 1948 1081 1993 nostri
1100 1948 1294 1994 nuntius
1309 1958 1431 1994 esto.

202 2012 415 2058 Dixerat.
483 2013 569 2059 llle
594 2013 740 2094 patris
768 2014 920 2076 magni
944 2031 1113 2078 parere
1137 2015 1341 2088 parabat

131 2076 366 2138 Imperio:
394 2087 439 2125 et
464 2080 668 2141 primum
695 2080 900 2141 pedibus
926 2081 1090 2128 talaria
1113 2081 1260 2126 nectit

136 2145 176 2188 A
186 2159 324 2198 urea3
348 2161 454 2206 quae
466 2146 827 2203 subhmemalis
841 2147 937 2193 sive
951 2163 1144 2208 aequora
1157 2162 1314 2209 supra
1343 2154 1437 2194 ‘240

132 2209 225 2255 Seu
244 2217 431 2265 terram,
459 2211 627 2273 rapido
649 2213 825 2274 pariter
850 2231 958 2260 cum
986 2213 1170 2261 flamine
1193 2223 1405 2276 portant.

131 2276 257 2321 Tum
284 2277 460 2339 virgam
487 2279 652 2341 capit:
680 2280 765 2326 liae
785 2280 964 2326 animas
984 2281 1061 2327 ille
1079 2289 1256 2327 evocat
1276 2281 1407 2327 Orco

130 2341 385 2399 Pallentes,
408 2343 525 2390 alias
544 2345 633 2391 sub
656 2346 808 2393 tristia
830 2348 1036 2394 Tartara
1059 2346 1228 2402 mittin

132 2409 229 2457 Dat
251 2425 443 2458 somnos
469 2410 748 2475 adimitque,
775 2423 822 2461 et
842 2414 1018 2461 lumina
1038 2421 1189 2460 morte
1216 2413 1439 2476 resignat.
