<?xml version="1.0" encoding="UTF-8"?>
<!DOCTYPE html PUBLIC "-//W3C//DTD XHTML 1.0 Transitional//EN"
    "http://www.w3.org/TR/xhtml1/DTD/xhtml1-transitional.dtd">
<html xmlns="http://www.w3.org/1999/xhtml" xml:lang="en" lang="en">
 <head>
  <title>
</title>
<meta http-equiv="Content-Type" content="text/html;charset=utf-8" />
  <meta name='ocr-system' content='tesseract 3.04.00' />
  <meta name='ocr-capabilities' content='ocr_page ocr_carea ocr_par ocr_line ocrx_word'/>
</head>
<body>
  <div class='ocr_page' id='page_1' title='image "./operaadfidemopti00virguoft/operaadfidemopti00virguoft_0107.png"; bbox 0 0 1546 2686; ppageno 0'>
   <div class='ocr_carea' id='block_1_1' title="bbox 546 105 1467 154">
    <p class='ocr_par' dir='ltr' id='par_1_1' title="bbox 546 105 1467 154">
     <span class='ocr_line' id='line_1_1' title="bbox 546 105 1467 154; baseline 0.002 -3"><span class='ocrx_word' id='word_1_1' title='bbox 546 109 801 154; x_wconf 68' lang='lat' dir='ltr'><strong>AEnmnos</strong></span> <span class='ocrx_word' id='word_1_2' title='bbox 844 117 955 154; x_wconf 68' lang='lat' dir='ltr'><strong>mn.</strong></span> <span class='ocrx_word' id='word_1_3' title='bbox 997 118 1034 153; x_wconf 78' lang='grc' dir='ltr'><strong>ι.</strong></span> <span class='ocrx_word' id='word_1_4' title='bbox 1377 105 1467 147; x_wconf 82' lang='grc'><strong>103</strong></span> 
     </span>
    </p>
   </div>
   <div class='ocr_carea' id='block_1_2' title="bbox 138 230 1474 2624">
    <p class='ocr_par' dir='ltr' id='par_1_2' title="bbox 141 230 1270 293">
     <span class='ocr_line' id='line_1_2' title="bbox 141 230 1270 293; baseline -0.001 -15"><span class='ocrx_word' id='word_1_5' title='bbox 141 231 303 286; x_wconf 86' lang='lat' dir='ltr'><strong>Vultu,</strong></span> <span class='ocrx_word' id='word_1_6' title='bbox 328 245 424 293; x_wconf 90' lang='lat' dir='ltr'><strong>quo</strong></span> <span class='ocrx_word' id='word_1_7' title='bbox 446 230 616 277; x_wconf 85' lang='lat' dir='ltr'><strong>coelum</strong></span> <span class='ocrx_word' id='word_1_8' title='bbox 639 239 1046 293; x_wconf 78' lang='lat' dir='ltr'><strong>tempestatesque</strong></span> <span class='ocrx_word' id='word_1_9' title='bbox 1069 236 1270 287; x_wconf 83' lang='lat' dir='ltr'><strong>serenat,</strong></span> 
     </span>
    </p>

    <p class='ocr_par' dir='ltr' id='par_1_3' title="bbox 141 296 1237 352">
     <span class='ocr_line' id='line_1_3' title="bbox 141 296 1237 352; baseline 0 -10"><span class='ocrx_word' id='word_1_10' title='bbox 141 297 318 343; x_wconf 79' lang='lat' dir='ltr'>Oscula</span> <span class='ocrx_word' id='word_1_11' title='bbox 359 296 525 343; x_wconf 82' lang='lat' dir='ltr'><strong>libavit</strong></span> <span class='ocrx_word' id='word_1_12' title='bbox 549 306 673 344; x_wconf 84' lang='lat' dir='ltr'><strong>natae</strong></span> <span class='ocrx_word' id='word_1_13' title='bbox 695 315 706 352; x_wconf 91' lang='lat'>;</span> <span class='ocrx_word' id='word_1_14' title='bbox 745 297 918 343; x_wconf 86' lang='lat' dir='ltr'><strong>dehinc</strong></span> <span class='ocrx_word' id='word_1_15' title='bbox 947 297 1057 344; x_wconf 89' lang='lat' dir='ltr'><strong>talia</strong></span> <span class='ocrx_word' id='word_1_16' title='bbox 1083 299 1205 342; x_wconf 86' lang='lat' dir='ltr'><strong>fatur</strong></span> <span class='ocrx_word' id='word_1_17' title='bbox 1227 314 1237 343; x_wconf 79' lang='lat' dir='ltr'>z</span> 
     </span>
    </p>

    <p class='ocr_par' dir='ltr' id='par_1_4' title="bbox 138 363 1474 1623">
     <span class='ocr_line' id='line_1_4' title="bbox 139 363 1415 426; baseline -0.001 -16"><span class='ocrx_word' id='word_1_18' title='bbox 139 363 287 410; x_wconf 87' lang='lat' dir='ltr'><strong>Parce</strong></span> <span class='ocrx_word' id='word_1_19' title='bbox 313 372 456 419; x_wconf 87' lang='lat' dir='ltr'><strong>metu,</strong></span> <span class='ocrx_word' id='word_1_20' title='bbox 479 363 712 426; x_wconf 72' lang='lat' dir='ltr'><strong>Cytherea</strong></span> <span class='ocrx_word' id='word_1_21' title='bbox 735 381 746 417; x_wconf 83' lang='lat'>;</span> <span class='ocrx_word' id='word_1_22' title='bbox 786 372 977 410; x_wconf 83' lang='lat' dir='ltr'><strong>manent</strong></span> <span class='ocrx_word' id='word_1_23' title='bbox 1003 364 1199 409; x_wconf 83' lang='lat' dir='ltr'><strong>immota</strong></span> <span class='ocrx_word' id='word_1_24' title='bbox 1225 372 1415 409; x_wconf 91' lang='lat' dir='ltr'><strong>tuorum</strong></span> 
     </span>
     <span class='ocr_line' id='line_1_5' title="bbox 141 428 1304 492; baseline -0.001 -16"><span class='ocrx_word' id='word_1_25' title='bbox 141 430 253 476; x_wconf 85' lang='lat' dir='ltr'><strong>Fata</strong></span> <span class='ocrx_word' id='word_1_26' title='bbox 280 428 397 485; x_wconf 85' lang='lat' dir='ltr'><strong>tibi3</strong></span> <span class='ocrx_word' id='word_1_27' title='bbox 436 445 596 476; x_wconf 89' lang='lat' dir='ltr'><strong>cernes</strong></span> <span class='ocrx_word' id='word_1_28' title='bbox 625 431 786 476; x_wconf 87' lang='lat' dir='ltr'><strong>urbem</strong></span> <span class='ocrx_word' id='word_1_29' title='bbox 812 439 857 475; x_wconf 89' lang='lat' dir='ltr'><strong>et</strong></span> <span class='ocrx_word' id='word_1_30' title='bbox 882 430 1112 492; x_wconf 81' lang='lat' dir='ltr'><strong>promissa</strong></span> <span class='ocrx_word' id='word_1_31' title='bbox 1137 430 1304 475; x_wconf 78' lang='lat' dir='ltr'><strong>Lavini</strong></span> 
     </span>
     <span class='ocr_line' id='line_1_6' title="bbox 140 495 1472 559; baseline 0.002 -18"><span class='ocrx_word' id='word_1_32' title='bbox 140 495 338 550; x_wconf 85' lang='lat' dir='ltr'><strong>Moenia,</strong></span> <span class='ocrx_word' id='word_1_33' title='bbox 368 495 720 559; x_wconf 85' lang='lat' dir='ltr'><strong>sublimemque</strong></span> <span class='ocrx_word' id='word_1_34' title='bbox 747 496 865 543; x_wconf 82' lang='lat' dir='ltr'><strong>seres</strong></span> <span class='ocrx_word' id='word_1_35' title='bbox 890 496 948 543; x_wconf 87' lang='lat' dir='ltr'><strong>ad</strong></span> <span class='ocrx_word' id='word_1_36' title='bbox 975 496 1129 542; x_wconf 88' lang='lat' dir='ltr'><strong>sidera</strong></span> <span class='ocrx_word' id='word_1_37' title='bbox 1155 496 1265 542; x_wconf 84' lang='lat' dir='ltr'><strong>coeli</strong></span> <span class='ocrx_word' id='word_1_38' title='bbox 1376 502 1472 551; x_wconf 77' lang='lat'><strong>259</strong></span> 
     </span>
     <span class='ocr_line' id='line_1_7' title="bbox 140 562 1471 625; baseline -0.001 -17"><span class='ocrx_word' id='word_1_39' title='bbox 140 562 501 622; x_wconf 79' lang='lat' dir='ltr'><strong>Magnanimum</strong></span> <span class='ocrx_word' id='word_1_40' title='bbox 526 564 721 609; x_wconf 83' lang='lat' dir='ltr'><strong>AEneam</strong></span> <span class='ocrx_word' id='word_1_41' title='bbox 742 581 752 617; x_wconf 92' lang='grc'>;</span> <span class='ocrx_word' id='word_1_42' title='bbox 779 580 932 625; x_wconf 88' lang='lat' dir='ltr'><strong>neque</strong></span> <span class='ocrx_word' id='word_1_43' title='bbox 959 580 1030 608; x_wconf 82' lang='lat' dir='ltr'><strong>me</strong></span> <span class='ocrx_word' id='word_1_44' title='bbox 1055 562 1290 608; x_wconf 83' lang='lat' dir='ltr'><strong>sententia</strong></span> <span class='ocrx_word' id='word_1_45' title='bbox 1318 564 1471 608; x_wconf 73' lang='lat' dir='ltr'><strong>vertit.</strong></span> 
     </span>
     <span class='ocr_line' id='line_1_8' title="bbox 139 627 1474 692; baseline 0 -18"><span class='ocrx_word' id='word_1_46' title='bbox 139 627 234 674; x_wconf 92' lang='lat' dir='ltr'><strong>Hic</strong></span> <span class='ocrx_word' id='word_1_47' title='bbox 260 627 368 686; x_wconf 86' lang='lat' dir='ltr'><strong>(tibi</strong></span> <span class='ocrx_word' id='word_1_48' title='bbox 395 628 532 675; x_wconf 86' lang='lat' dir='ltr'><strong>fabor</strong></span> <span class='ocrx_word' id='word_1_49' title='bbox 557 630 698 685; x_wconf 85' lang='lat' dir='ltr'><strong>enim,</strong></span> <span class='ocrx_word' id='word_1_50' title='bbox 728 630 919 692; x_wconf 87' lang='lat' dir='ltr'><strong>quando</strong></span> <span class='ocrx_word' id='word_1_51' title='bbox 947 633 1050 675; x_wconf 83' lang='lat' dir='ltr'><strong>haec.</strong></span> <span class='ocrx_word' id='word_1_52' title='bbox 1071 639 1115 675; x_wconf 91' lang='lat' dir='ltr'><strong>te</strong></span> <span class='ocrx_word' id='word_1_53' title='bbox 1144 644 1258 675; x_wconf 87' lang='lat' dir='ltr'><strong>cura</strong></span> <span class='ocrx_word' id='word_1_54' title='bbox 1301 645 1474 674; x_wconf 84' lang='lat' dir='ltr'><strong>remor·</strong></span> 
     </span>
     <span class='ocr_line' id='line_1_9' title="bbox 139 693 1469 758; baseline 0.001 -18"><span class='ocrx_word' id='word_1_55' title='bbox 139 693 351 755; x_wconf 70' lang='lat' dir='ltr'><strong>Longius</strong></span> <span class='ocrx_word' id='word_1_56' title='bbox 376 703 424 741; x_wconf 92' lang='lat' dir='ltr'><strong>et</strong></span> <span class='ocrx_word' id='word_1_57' title='bbox 451 695 643 742; x_wconf 90' lang='lat' dir='ltr'><strong>volvens</strong></span> <span class='ocrx_word' id='word_1_58' title='bbox 669 696 872 742; x_wconf 84' lang='lat' dir='ltr'><strong>fatorum</strong></span> <span class='ocrx_word' id='word_1_59' title='bbox 894 712 1066 742; x_wconf 86' lang='lat' dir='ltr'><strong>arcana</strong></span> <span class='ocrx_word' id='word_1_60' title='bbox 1092 696 1317 751; x_wconf 68' lang='lat' dir='ltr'><strong>moxebo)</strong></span> <span class='ocrx_word' id='word_1_61' title='bbox 1344 694 1469 758; x_wconf 79' lang='lat' dir='ltr'><strong>[det.</strong></span> 
     </span>
     <span class='ocr_line' id='line_1_10' title="bbox 139 760 1386 826; baseline 0.002 -21"><span class='ocrx_word' id='word_1_62' title='bbox 139 760 364 806; x_wconf 84' lang='lat' dir='ltr'><strong>Bellum</strong></span> <span class='ocrx_word' id='word_1_63' title='bbox 353 777 517 824; x_wconf 81' lang='lat' dir='ltr'><strong>ingens</strong></span> <span class='ocrx_word' id='word_1_64' title='bbox 542 770 675 823; x_wconf 77' lang='lat' dir='ltr'><strong>geret</strong></span> <span class='ocrx_word' id='word_1_65' title='bbox 698 764 850 817; x_wconf 88' lang='lat' dir='ltr'><strong>Italia,</strong></span> <span class='ocrx_word' id='word_1_66' title='bbox 879 764 1181 826; x_wconf 82' lang='lat' dir='ltr'><strong>populosque</strong></span> <span class='ocrx_word' id='word_1_67' title='bbox 1203 762 1386 808; x_wconf 84' lang='lat' dir='ltr'><strong>feroces</strong></span> 
     </span>
     <span class='ocr_line' id='line_1_11' title="bbox 139 827 1315 892; baseline 0.002 -20"><span class='ocrx_word' id='word_1_68' title='bbox 139 827 436 884; x_wconf 88' lang='lat' dir='ltr'><strong>Contundet,</strong></span> <span class='ocrx_word' id='word_1_69' title='bbox 465 845 712 892; x_wconf 84' lang='lat' dir='ltr'><strong>moresque</strong></span> <span class='ocrx_word' id='word_1_70' title='bbox 738 831 845 876; x_wconf 79' lang='lat' dir='ltr'><strong>vilis</strong></span> <span class='ocrx_word' id='word_1_71' title='bbox 871 839 917 876; x_wconf 86' lang='lat' dir='ltr'><strong>et</strong></span> <span class='ocrx_word' id='word_1_72' title='bbox 942 845 1112 876; x_wconf 87' lang='lat' dir='ltr'><strong>moenia</strong></span> <span class='ocrx_word' id='word_1_73' title='bbox 1138 837 1315 890; x_wconf 88' lang='lat' dir='ltr'><strong>ponet:</strong></span> 
     </span>
     <span class='ocr_line' id='line_1_12' title="bbox 138 892 1263 957; baseline 0.003 -19"><span class='ocrx_word' id='word_1_74' title='bbox 138 892 304 939; x_wconf 88' lang='lat' dir='ltr'><strong>Tertia</strong></span> <span class='ocrx_word' id='word_1_75' title='bbox 323 894 437 940; x_wconf 90' lang='lat' dir='ltr'><strong>dum</strong></span> <span class='ocrx_word' id='word_1_76' title='bbox 458 895 593 942; x_wconf 89' lang='lat' dir='ltr'><strong>Latio</strong></span> <span class='ocrx_word' id='word_1_77' title='bbox 619 906 886 957; x_wconf 81' lang='lat' dir='ltr'><strong>regnantem</strong></span> <span class='ocrx_word' id='word_1_78' title='bbox 914 896 1082 943; x_wconf 72' lang='lat' dir='ltr'><strong>xiderit</strong></span> <span class='ocrx_word' id='word_1_79' title='bbox 1107 907 1263 951; x_wconf 87' lang='lat' dir='ltr'><strong>aestas‚</strong></span> 
     </span>
     <span class='ocr_line' id='line_1_13' title="bbox 139 960 1383 1026; baseline 0.001 -20"><span class='ocrx_word' id='word_1_80' title='bbox 139 960 392 1022; x_wconf 79' lang='lat' dir='ltr'><strong>Ternaqne</strong></span> <span class='ocrx_word' id='word_1_81' title='bbox 420 963 686 1009; x_wconf 66' lang='lat' dir='ltr'><strong>transierint</strong></span> <span class='ocrx_word' id='word_1_82' title='bbox 712 963 904 1009; x_wconf 79' lang='lat' dir='ltr'><strong>Rutulis</strong></span> <span class='ocrx_word' id='word_1_83' title='bbox 932 964 1140 1026; x_wconf 68' lang='lat' dir='ltr'><strong>hyberna</strong></span> <span class='ocrx_word' id='word_1_84' title='bbox 1161 963 1383 1008; x_wconf 77' lang='lat' dir='ltr'><strong>subactis-</strong></span> 
     </span>
     <span class='ocr_line' id='line_1_14' title="bbox 139 1027 1308 1089; baseline 0.002 -17"><span class='ocrx_word' id='word_1_85' title='bbox 139 1027 207 1072; x_wconf 84' lang='lat' dir='ltr'><strong>At</strong></span> <span class='ocrx_word' id='word_1_86' title='bbox 231 1042 349 1087; x_wconf 90' lang='lat' dir='ltr'><strong>puer</strong></span> <span class='ocrx_word' id='word_1_87' title='bbox 376 1028 626 1084; x_wconf 88' lang='lat' dir='ltr'><strong>Ascanius,</strong></span> <span class='ocrx_word' id='word_1_88' title='bbox 657 1030 734 1075; x_wconf 88' lang='lat' dir='ltr'><strong>cui</strong></span> <span class='ocrx_word' id='word_1_89' title='bbox 761 1045 886 1075; x_wconf 89' lang='lat' dir='ltr'><strong>nunc</strong></span> <span class='ocrx_word' id='word_1_90' title='bbox 913 1046 1174 1089; x_wconf 76' lang='lat' dir='ltr'><strong>cognomen</strong></span> <span class='ocrx_word' id='word_1_91' title='bbox 1204 1029 1308 1075; x_wconf 83' lang='lat' dir='ltr'><strong>liilo</strong></span> 
     </span>
     <span class='ocr_line' id='line_1_15' title="bbox 139 1091 1329 1156; baseline 0.003 -17"><span class='ocrx_word' id='word_1_92' title='bbox 139 1091 350 1139; x_wconf 87' lang='lat' dir='ltr'><strong>Additur</strong></span> <span class='ocrx_word' id='word_1_93' title='bbox 369 1095 485 1153; x_wconf 86' lang='lat' dir='ltr'><strong>(llus</strong></span> <span class='ocrx_word' id='word_1_94' title='bbox 507 1105 620 1152; x_wconf 87' lang='lat' dir='ltr'><strong>erat,</strong></span> <span class='ocrx_word' id='word_1_95' title='bbox 649 1097 763 1142; x_wconf 90' lang='lat' dir='ltr'><strong>dum</strong></span> <span class='ocrx_word' id='word_1_96' title='bbox 788 1112 859 1142; x_wconf 86' lang='lat' dir='ltr'><strong>res</strong></span> <span class='ocrx_word' id='word_1_97' title='bbox 887 1096 1017 1143; x_wconf 91' lang='lat' dir='ltr'><strong>stetit</strong></span> <span class='ocrx_word' id='word_1_98' title='bbox 1037 1097 1120 1143; x_wconf 87' lang='lat' dir='ltr'><strong>Ilia</strong></span> <span class='ocrx_word' id='word_1_99' title='bbox 1144 1099 1329 1156; x_wconf 85' lang='lat' dir='ltr'><strong>regno),</strong></span> 
     </span>
     <span class='ocr_line' id='line_1_16' title="bbox 138 1159 1312 1223; baseline 0.003 -19"><span class='ocrx_word' id='word_1_100' title='bbox 138 1159 356 1221; x_wconf 80' lang='lat' dir='ltr'><strong>Triginta</strong></span> <span class='ocrx_word' id='word_1_101' title='bbox 378 1177 588 1223; x_wconf 86' lang='lat' dir='ltr'><strong>magnos,</strong></span> <span class='ocrx_word' id='word_1_102' title='bbox 615 1161 858 1208; x_wconf 86' lang='lat' dir='ltr'><strong>volvendis</strong></span> <span class='ocrx_word' id='word_1_103' title='bbox 886 1163 1143 1217; x_wconf 83' lang='lat' dir='ltr'><strong>mensibus,</strong></span> <span class='ocrx_word' id='word_1_104' title='bbox 1171 1164 1312 1208; x_wconf 79' lang='lat' dir='ltr'><strong>orbes</strong></span> 
     </span>
     <span class='ocr_line' id='line_1_17' title="bbox 139 1224 1473 1291; baseline 0.005 -21"><span class='ocrx_word' id='word_1_105' title='bbox 139 1224 348 1288; x_wconf 85' lang='lat' dir='ltr'><strong>Imperio</strong></span> <span class='ocrx_word' id='word_1_106' title='bbox 372 1228 599 1291; x_wconf 86' lang='lat' dir='ltr'><strong>explebit,</strong></span> <span class='ocrx_word' id='word_1_107' title='bbox 626 1244 922 1291; x_wconf 72' lang='lat' dir='ltr'><strong>regnumque</strong></span> <span class='ocrx_word' id='word_1_108' title='bbox 948 1230 1010 1275; x_wconf 89' lang='lat' dir='ltr'><strong>ab</strong></span> <span class='ocrx_word' id='word_1_109' title='bbox 1036 1230 1146 1276; x_wconf 90' lang='lat' dir='ltr'><strong>sede</strong></span> <span class='ocrx_word' id='word_1_110' title='bbox 1173 1229 1335 1275; x_wconf 79' lang='lat' dir='ltr'><strong>Lavini</strong></span> <span class='ocrx_word' id='word_1_111' title='bbox 1379 1236 1473 1284; x_wconf 72' lang='lat'><strong>270</strong></span> 
     </span>
     <span class='ocr_line' id='line_1_18' title="bbox 138 1293 1372 1357; baseline 0.004 -20"><span class='ocrx_word' id='word_1_112' title='bbox 138 1293 427 1350; x_wconf 85' lang='lat' dir='ltr'><strong>Transferet,</strong></span> <span class='ocrx_word' id='word_1_113' title='bbox 450 1304 495 1342; x_wconf 91' lang='lat' dir='ltr'><strong>et</strong></span> <span class='ocrx_word' id='word_1_114' title='bbox 517 1295 704 1357; x_wconf 80' lang='lat' dir='ltr'><strong>longam</strong></span> <span class='ocrx_word' id='word_1_115' title='bbox 731 1296 882 1342; x_wconf 69' lang='lat' dir='ltr'><strong>multa</strong></span> <span class='ocrx_word' id='word_1_116' title='bbox 907 1296 951 1342; x_wconf 88' lang='lat' dir='ltr'><strong>vi</strong></span> <span class='ocrx_word' id='word_1_117' title='bbox 975 1296 1154 1343; x_wconf 88' lang='lat' dir='ltr'><strong>muniet</strong></span> <span class='ocrx_word' id='word_1_118' title='bbox 1182 1296 1372 1342; x_wconf 85' lang='lat' dir='ltr'><strong>Albam.</strong></span> 
     </span>
     <span class='ocr_line' id='line_1_19' title="bbox 142 1359 1300 1424; baseline 0.003 -20"><span class='ocrx_word' id='word_1_119' title='bbox 142 1359 239 1406; x_wconf 83' lang='lat' dir='ltr'><strong>Hic-</strong></span> <span class='ocrx_word' id='word_1_120' title='bbox 258 1360 362 1421; x_wconf 86' lang='lat' dir='ltr'><strong>jam</strong></span> <span class='ocrx_word' id='word_1_121' title='bbox 391 1371 461 1408; x_wconf 87' lang='lat' dir='ltr'><strong>ter</strong></span> <span class='ocrx_word' id='word_1_122' title='bbox 485 1371 675 1409; x_wconf 84' lang='lat' dir='ltr'><strong>centum</strong></span> <span class='ocrx_word' id='word_1_123' title='bbox 703 1371 830 1408; x_wconf 88' lang='lat' dir='ltr'><strong>totos</strong></span> <span class='ocrx_word' id='word_1_124' title='bbox 856 1363 1130 1424; x_wconf 78' lang='lat' dir='ltr'><strong>regnabitur</strong></span> <span class='ocrx_word' id='word_1_125' title='bbox 1155 1378 1300 1408; x_wconf 90' lang='lat' dir='ltr'><strong>annos</strong></span> 
     </span>
     <span class='ocr_line' id='line_1_20' title="bbox 143 1426 1338 1490; baseline 0.003 -20"><span class='ocrx_word' id='word_1_126' title='bbox 143 1426 301 1473; x_wconf 90' lang='lat' dir='ltr'><strong>Gente</strong></span> <span class='ocrx_word' id='word_1_127' title='bbox 325 1428 412 1474; x_wconf 89' lang='lat' dir='ltr'><strong>sub</strong></span> <span class='ocrx_word' id='word_1_128' title='bbox 443 1429 710 1482; x_wconf 73' lang='lat' dir='ltr'><strong>Hectorea3</strong></span> <span class='ocrx_word' id='word_1_129' title='bbox 750 1428 904 1475; x_wconf 88' lang='lat' dir='ltr'><strong>donec</strong></span> <span class='ocrx_word' id='word_1_130' title='bbox 927 1429 1081 1490; x_wconf 76' lang='lat' dir='ltr'><strong>regina</strong></span> <span class='ocrx_word' id='word_1_131' title='bbox 1103 1429 1338 1483; x_wconf 78' lang='lat' dir='ltr'><strong>sacerdos,</strong></span> 
     </span>
     <span class='ocr_line' id='line_1_21' title="bbox 142 1492 1407 1558; baseline 0.002 -20"><span class='ocrx_word' id='word_1_132' title='bbox 142 1492 301 1539; x_wconf 86' lang='lat' dir='ltr'><strong>Marte</strong></span> <span class='ocrx_word' id='word_1_133' title='bbox 322 1495 487 1556; x_wconf 86' lang='lat' dir='ltr'><strong>gravis,</strong></span> <span class='ocrx_word' id='word_1_134' title='bbox 515 1494 748 1557; x_wconf 87' lang='lat' dir='ltr'><strong>geminam</strong></span> <span class='ocrx_word' id='word_1_135' title='bbox 775 1503 915 1558; x_wconf 87' lang='lat' dir='ltr'><strong>partu</strong></span> <span class='ocrx_word' id='word_1_136' title='bbox 943 1495 1075 1541; x_wconf 89' lang='lat' dir='ltr'><strong>dabit</strong></span> <span class='ocrx_word' id='word_1_137' title='bbox 1102 1496 1184 1541; x_wconf 91' lang='lat' dir='ltr'><strong>Ilia</strong></span> <span class='ocrx_word' id='word_1_138' title='bbox 1209 1495 1407 1558; x_wconf 86' lang='lat' dir='ltr'><strong>prolem.</strong></span> 
     </span>
     <span class='ocr_line' id='line_1_22' title="bbox 143 1558 1176 1623; baseline 0.004 -20"><span class='ocrx_word' id='word_1_139' title='bbox 143 1558 261 1605; x_wconf 90' lang='lat' dir='ltr'><strong>Inde</strong></span> <span class='ocrx_word' id='word_1_140' title='bbox 285 1560 407 1622; x_wconf 82' lang='lat' dir='ltr'><strong>lupae</strong></span> <span class='ocrx_word' id='word_1_141' title='bbox 433 1560 562 1607; x_wconf 88' lang='lat' dir='ltr'><strong>fulvo</strong></span> <span class='ocrx_word' id='word_1_142' title='bbox 587 1561 784 1607; x_wconf 82' lang='lat' dir='ltr'><strong>nutricis</strong></span> <span class='ocrx_word' id='word_1_143' title='bbox 811 1561 1014 1623; x_wconf 84' lang='lat' dir='ltr'><strong>tegmine</strong></span> <span class='ocrx_word' id='word_1_144' title='bbox 1041 1563 1176 1607; x_wconf 77' lang='lat' dir='ltr'><strong>laetns</strong></span> 
     </span>
    </p>

    <p class='ocr_par' dir='ltr' id='par_1_5' title="bbox 140 1625 1386 1756">
     <span class='ocr_line' id='line_1_23' title="bbox 142 1625 1386 1690; baseline 0.002 -19"><span class='ocrx_word' id='word_1_145' title='bbox 142 1625 378 1673; x_wconf 85' lang='lat' dir='ltr'><strong>Romulus</strong></span> <span class='ocrx_word' id='word_1_146' title='bbox 404 1627 614 1690; x_wconf 84' lang='lat' dir='ltr'><strong>excipiet</strong></span> <span class='ocrx_word' id='word_1_147' title='bbox 640 1636 845 1690; x_wconf 87' lang='lat' dir='ltr'><strong>gentem,</strong></span> <span class='ocrx_word' id='word_1_148' title='bbox 873 1638 920 1675; x_wconf 84' lang='lat' dir='ltr'><strong>et</strong></span> <span class='ocrx_word' id='word_1_149' title='bbox 946 1629 1180 1675; x_wconf 77' lang='lat' dir='ltr'><strong>Mavortia</strong></span> <span class='ocrx_word' id='word_1_150' title='bbox 1209 1627 1386 1674; x_wconf 86' lang='lat' dir='ltr'><strong>condet</strong></span> 
     </span>
     <span class='ocr_line' id='line_1_24' title="bbox 140 1692 1283 1756; baseline 0.004 -20"><span class='ocrx_word' id='word_1_151' title='bbox 140 1692 338 1749; x_wconf 70' lang='lat' dir='ltr'><strong>Moenia,</strong></span> <span class='ocrx_word' id='word_1_152' title='bbox 366 1695 705 1756; x_wconf 88' lang='lat' dir='ltr'><strong>Romanosque</strong></span> <span class='ocrx_word' id='word_1_153' title='bbox 731 1711 817 1740; x_wconf 89' lang='lat' dir='ltr'><strong>suo</strong></span> <span class='ocrx_word' id='word_1_154' title='bbox 844 1694 903 1741; x_wconf 83' lang='lat' dir='ltr'><strong>(le</strong></span> <span class='ocrx_word' id='word_1_155' title='bbox 929 1695 1117 1741; x_wconf 84' lang='lat' dir='ltr'><strong>nomine</strong></span> <span class='ocrx_word' id='word_1_156' title='bbox 1142 1696 1283 1742; x_wconf 88' lang='lat' dir='ltr'><strong>dicet.</strong></span> 
     </span>
    </p>

    <p class='ocr_par' dir='ltr' id='par_1_6' title="bbox 139 1757 1471 2489">
     <span class='ocr_line' id='line_1_25' title="bbox 140 1757 1370 1824; baseline 0.004 -21"><span class='ocrx_word' id='word_1_157' title='bbox 140 1757 226 1805; x_wconf 90' lang='lat' dir='ltr'><strong>His</strong></span> <span class='ocrx_word' id='word_1_158' title='bbox 251 1776 339 1822; x_wconf 86' lang='lat' dir='ltr'><strong>ego</strong></span> <span class='ocrx_word' id='word_1_159' title='bbox 364 1777 452 1808; x_wconf 91' lang='lat' dir='ltr'><strong>nec</strong></span> <span class='ocrx_word' id='word_1_160' title='bbox 481 1770 628 1808; x_wconf 90' lang='lat' dir='ltr'><strong>metas</strong></span> <span class='ocrx_word' id='word_1_161' title='bbox 653 1778 826 1818; x_wconf 88' lang='lat' dir='ltr'><strong>rerum,</strong></span> <span class='ocrx_word' id='word_1_162' title='bbox 854 1778 941 1809; x_wconf 81' lang='lat' dir='ltr'><strong>nec</strong></span> <span class='ocrx_word' id='word_1_163' title='bbox 968 1771 1185 1823; x_wconf 86' lang='lat' dir='ltr'><strong>tempora</strong></span> <span class='ocrx_word' id='word_1_164' title='bbox 1210 1778 1338 1824; x_wconf 89' lang='lat' dir='ltr'><strong>pono</strong></span> <span class='ocrx_word' id='word_1_165' title='bbox 1360 1778 1370 1808; x_wconf 74' lang='grc' dir='ltr'>ε</span> 
     </span>
     <span class='ocr_line' id='line_1_26' title="bbox 139 1824 1470 1890; baseline 0.002 -20"><span class='ocrx_word' id='word_1_166' title='bbox 139 1824 400 1888; x_wconf 87' lang='lat' dir='ltr'><strong>Imperium</strong></span> <span class='ocrx_word' id='word_1_167' title='bbox 421 1828 521 1876; x_wconf 91' lang='lat' dir='ltr'><strong>sine</strong></span> <span class='ocrx_word' id='word_1_168' title='bbox 546 1827 638 1874; x_wconf 88' lang='lat' dir='ltr'><strong>fine</strong></span> <span class='ocrx_word' id='word_1_169' title='bbox 664 1827 792 1874; x_wconf 89' lang='lat' dir='ltr'><strong>dedi.</strong></span> <span class='ocrx_word' id='word_1_170' title='bbox 832 1829 958 1883; x_wconf 81' lang='lat' dir='ltr'><strong>Quin</strong></span> <span class='ocrx_word' id='word_1_171' title='bbox 984 1845 1150 1890; x_wconf 77' lang='lat' dir='ltr'><strong>aspera</strong></span> <span class='ocrx_word' id='word_1_172' title='bbox 1174 1831 1318 1883; x_wconf 88' lang='lat' dir='ltr'><strong>Juno,</strong></span> <span class='ocrx_word' id='word_1_173' title='bbox 1354 1829 1470 1890; x_wconf 57' lang='lat' dir='ltr'><strong>[gan</strong></span> 
     </span>
     <span class='ocr_line' id='line_1_27' title="bbox 139 1892 1471 1957; baseline 0.002 -20"><span class='ocrx_word' id='word_1_174' title='bbox 139 1892 263 1946; x_wconf 83' lang='lat' dir='ltr'><strong>Quae</strong></span> <span class='ocrx_word' id='word_1_175' title='bbox 288 1910 414 1940; x_wconf 86' lang='lat' dir='ltr'><strong>mare</strong></span> <span class='ocrx_word' id='word_1_176' title='bbox 439 1911 562 1941; x_wconf 90' lang='lat' dir='ltr'><strong>nunc</strong></span> <span class='ocrx_word' id='word_1_177' title='bbox 589 1902 833 1957; x_wconf 88' lang='lat' dir='ltr'><strong>terrasque</strong></span> <span class='ocrx_word' id='word_1_178' title='bbox 874 1903 1003 1941; x_wconf 86' lang='lat' dir='ltr'><strong>metu</strong></span> <span class='ocrx_word' id='word_1_179' title='bbox 1044 1895 1316 1957; x_wconf 85' lang='lat' dir='ltr'><strong>coelunique</strong></span> <span class='ocrx_word' id='word_1_180' title='bbox 1364 1894 1471 1940; x_wconf 77' lang='lat' dir='ltr'><strong>sati-</strong></span> 
     </span>
     <span class='ocr_line' id='line_1_28' title="bbox 141 1959 1463 2023; baseline 0.004 -20"><span class='ocrx_word' id='word_1_181' title='bbox 141 1959 349 2006; x_wconf 84' lang='lat' dir='ltr'><strong>Consilia</strong></span> <span class='ocrx_word' id='word_1_182' title='bbox 373 1960 417 2006; x_wconf 90' lang='lat' dir='ltr'><strong>in</strong></span> <span class='ocrx_word' id='word_1_183' title='bbox 447 1961 610 2007; x_wconf 90' lang='lat' dir='ltr'><strong>melius</strong></span> <span class='ocrx_word' id='word_1_184' title='bbox 638 1962 821 2017; x_wconf 88' lang='lat' dir='ltr'><strong>referet,</strong></span> <span class='ocrx_word' id='word_1_185' title='bbox 850 1978 1135 2023; x_wconf 86' lang='lat' dir='ltr'><strong>mecumque</strong></span> <span class='ocrx_word' id='word_1_186' title='bbox 1157 1962 1339 2008; x_wconf 86' lang='lat' dir='ltr'><strong>fovebit</strong></span> <span class='ocrx_word' id='word_1_187' title='bbox 1377 1969 1463 2010; x_wconf 72' lang='lat'><strong>281</strong></span> 
     </span>
     <span class='ocr_line' id='line_1_29' title="bbox 140 2025 1402 2090; baseline 0.002 -19"><span class='ocrx_word' id='word_1_188' title='bbox 140 2025 383 2072; x_wconf 87' lang='lat' dir='ltr'><strong>Romanos</strong></span> <span class='ocrx_word' id='word_1_189' title='bbox 409 2044 562 2075; x_wconf 86' lang='lat' dir='ltr'><strong>rernm</strong></span> <span class='ocrx_word' id='word_1_190' title='bbox 590 2027 822 2083; x_wconf 87' lang='lat' dir='ltr'><strong>dominos,</strong></span> <span class='ocrx_word' id='word_1_191' title='bbox 861 2037 1149 2090; x_wconf 75' lang='lat' dir='ltr'><strong>gentemque</strong></span> <span class='ocrx_word' id='word_1_192' title='bbox 1177 2037 1402 2089; x_wconf 82' lang='lat' dir='ltr'><strong>togatam.</strong></span> 
     </span>
     <span class='ocr_line' id='line_1_30' title="bbox 140 2091 1368 2156; baseline 0.002 -19"><span class='ocrx_word' id='word_1_193' title='bbox 140 2091 216 2138; x_wconf 77' lang='lat' dir='ltr'><strong>Sic</strong></span> <span class='ocrx_word' id='word_1_194' title='bbox 244 2093 492 2156; x_wconf 87' lang='lat' dir='ltr'><strong>placitum.</strong></span> <span class='ocrx_word' id='word_1_195' title='bbox 565 2094 734 2140; x_wconf 88' lang='lat' dir='ltr'><strong>Veniet</strong></span> <span class='ocrx_word' id='word_1_196' title='bbox 755 2094 911 2141; x_wconf 75' lang='lat' dir='ltr'><strong>lustris</strong></span> <span class='ocrx_word' id='word_1_197' title='bbox 935 2095 1210 2142; x_wconf 87' lang='lat' dir='ltr'><strong>labentibus</strong></span> <span class='ocrx_word' id='word_1_198' title='bbox 1236 2105 1368 2150; x_wconf 84' lang='lat' dir='ltr'><strong>aetas,</strong></span> 
     </span>
     <span class='ocr_line' id='line_1_31' title="bbox 142 2158 1470 2225; baseline 0.003 -21"><span class='ocrx_word' id='word_1_199' title='bbox 142 2158 264 2205; x_wconf 70' lang='lat' dir='ltr'><strong>Cum</strong></span> <span class='ocrx_word' id='word_1_200' title='bbox 291 2159 460 2206; x_wconf 85' lang='lat' dir='ltr'><strong>domus</strong></span> <span class='ocrx_word' id='word_1_201' title='bbox 487 2160 707 2208; x_wconf 85' lang='lat' dir='ltr'><strong>Assaraci</strong></span> <span class='ocrx_word' id='word_1_202' title='bbox 746 2161 969 2208; x_wconf 82' lang='lat' dir='ltr'><strong>Phthiam</strong></span> <span class='ocrx_word' id='word_1_203' title='bbox 1004 2163 1255 2224; x_wconf 85' lang='lat' dir='ltr'><strong>clarasque</strong></span> <span class='ocrx_word' id='word_1_204' title='bbox 1303 2163 1470 2225; x_wconf 72' lang='lat' dir='ltr'><strong>Myce-</strong></span> 
     </span>
     <span class='ocr_line' id='line_1_32' title="bbox 143 2225 1468 2291; baseline 0.004 -21"><span class='ocrx_word' id='word_1_205' title='bbox 143 2225 342 2272; x_wconf 83' lang='lat' dir='ltr'><strong>Servitio</strong></span> <span class='ocrx_word' id='word_1_206' title='bbox 369 2235 566 2289; x_wconf 85' lang='lat' dir='ltr'><strong>premet,</strong></span> <span class='ocrx_word' id='word_1_207' title='bbox 592 2243 647 2273; x_wconf 91' lang='lat' dir='ltr'><strong>ac</strong></span> <span class='ocrx_word' id='word_1_208' title='bbox 675 2227 811 2274; x_wconf 82' lang='lat' dir='ltr'><strong>victis</strong></span> <span class='ocrx_word' id='word_1_209' title='bbox 837 2228 1164 2274; x_wconf 82' lang='lat' dir='ltr'><strong>dominabitur</strong></span> <span class='ocrx_word' id='word_1_210' title='bbox 1187 2230 1339 2290; x_wconf 84' lang='lat' dir='ltr'><strong>Argis·</strong></span> <span class='ocrx_word' id='word_1_211' title='bbox 1368 2230 1468 2291; x_wconf 85' lang='lat' dir='ltr'><strong>[nas</strong></span> 
     </span>
     <span class='ocr_line' id='line_1_33' title="bbox 142 2292 1270 2356; baseline 0.003 -19"><span class='ocrx_word' id='word_1_212' title='bbox 142 2292 374 2339; x_wconf 85' lang='lat' dir='ltr'><strong>Nascetur</strong></span> <span class='ocrx_word' id='word_1_213' title='bbox 400 2294 596 2356; x_wconf 71' lang='lat' dir='ltr'><strong>pulchra</strong></span> <span class='ocrx_word' id='word_1_214' title='bbox 621 2293 862 2356; x_wconf 84' lang='lat' dir='ltr'><strong>Trojanns</strong></span> <span class='ocrx_word' id='word_1_215' title='bbox 888 2295 1065 2356; x_wconf 86' lang='lat' dir='ltr'><strong>origine</strong></span> <span class='ocrx_word' id='word_1_216' title='bbox 1092 2296 1270 2350; x_wconf 85' lang='lat' dir='ltr'><strong>Caesar,</strong></span> 
     </span>
     <span class='ocr_line' id='line_1_34' title="bbox 145 2358 1368 2423; baseline 0.003 -21"><span class='ocrx_word' id='word_1_217' title='bbox 145 2358 395 2420; x_wconf 85' lang='lat' dir='ltr'><strong>Imperium</strong></span> <span class='ocrx_word' id='word_1_218' title='bbox 418 2360 632 2415; x_wconf 86' lang='lat' dir='ltr'><strong>Oceano,</strong></span> <span class='ocrx_word' id='word_1_219' title='bbox 659 2359 831 2407; x_wconf 83' lang='lat' dir='ltr'><strong>faniam</strong></span> <span class='ocrx_word' id='word_1_220' title='bbox 853 2377 933 2423; x_wconf 83' lang='lat' dir='ltr'><strong>qui</strong></span> <span class='ocrx_word' id='word_1_221' title='bbox 959 2362 1178 2408; x_wconf 87' lang='lat' dir='ltr'><strong>terminet</strong></span> <span class='ocrx_word' id='word_1_222' title='bbox 1202 2361 1334 2408; x_wconf 81' lang='lat' dir='ltr'><strong>astris</strong></span> <span class='ocrx_word' id='word_1_223' title='bbox 1354 2377 1368 2415; x_wconf 86' lang='lat'>;</span> 
     </span>
     <span class='ocr_line' id='line_1_35' title="bbox 141 2423 1169 2489; baseline 0.002 -17"><span class='ocrx_word' id='word_1_224' title='bbox 141 2423 313 2480; x_wconf 87' lang='lat' dir='ltr'><strong>Julius,</strong></span> <span class='ocrx_word' id='word_1_225' title='bbox 334 2441 361 2471; x_wconf 89' lang='lat' dir='ltr'><strong>a</strong></span> <span class='ocrx_word' id='word_1_226' title='bbox 385 2443 554 2489; x_wconf 87' lang='lat' dir='ltr'><strong>magno</strong></span> <span class='ocrx_word' id='word_1_227' title='bbox 580 2426 820 2473; x_wconf 85' lang='lat' dir='ltr'><strong>dimissum</strong></span> <span class='ocrx_word' id='word_1_228' title='bbox 848 2444 1020 2474; x_wconf 90' lang='lat' dir='ltr'><strong>nomen</strong></span> <span class='ocrx_word' id='word_1_229' title='bbox 1046 2428 1169 2475; x_wconf 81' lang='lat' dir='ltr'><strong>Iiilo.</strong></span> 
     </span>
    </p>

    <p class='ocr_par' dir='ltr' id='par_1_7' title="bbox 142 2489 1467 2624">
     <span class='ocr_line' id='line_1_36' title="bbox 143 2489 1345 2555; baseline 0.004 -20"><span class='ocrx_word' id='word_1_230' title='bbox 143 2489 288 2536; x_wconf 90' lang='lat' dir='ltr'><strong>Hunc</strong></span> <span class='ocrx_word' id='word_1_231' title='bbox 315 2498 365 2536; x_wconf 87' lang='lat' dir='ltr'><strong>tu</strong></span> <span class='ocrx_word' id='word_1_232' title='bbox 391 2493 501 2539; x_wconf 90' lang='lat' dir='ltr'><strong>olim</strong></span> <span class='ocrx_word' id='word_1_233' title='bbox 529 2493 663 2547; x_wconf 84' lang='lat' dir='ltr'><strong>coelO,</strong></span> <span class='ocrx_word' id='word_1_234' title='bbox 685 2494 849 2555; x_wconf 82' lang='lat' dir='ltr'><strong>spoliis</strong></span> <span class='ocrx_word' id='word_1_235' title='bbox 872 2494 1086 2541; x_wconf 86' lang='lat' dir='ltr'><strong>Orientis</strong></span> <span class='ocrx_word' id='word_1_236' title='bbox 1107 2504 1345 2550; x_wconf 77' lang='lat' dir='ltr'><strong>onustum,</strong></span> 
     </span>
     <span class='ocr_line' id='line_1_37' title="bbox 142 2556 1467 2624; baseline 0.002 -21"><span class='ocrx_word' id='word_1_237' title='bbox 142 2556 362 2619; x_wconf 79' lang='lat' dir='ltr'><strong>Accipies</strong></span> <span class='ocrx_word' id='word_1_238' title='bbox 388 2575 550 2606; x_wconf 84' lang='lat' dir='ltr'><strong>secura</strong></span> <span class='ocrx_word' id='word_1_239' title='bbox 572 2576 582 2606; x_wconf 91' lang='lat'>:</span> <span class='ocrx_word' id='word_1_240' title='bbox 623 2560 870 2608; x_wconf 83' lang='lat' dir='ltr'><strong>vocabitur</strong></span> <span class='ocrx_word' id='word_1_241' title='bbox 896 2560 971 2607; x_wconf 81' lang='lat' dir='ltr'><strong>liic</strong></span> <span class='ocrx_word' id='word_1_242' title='bbox 994 2577 1186 2624; x_wconf 86' lang='lat' dir='ltr'><strong>quoque</strong></span> <span class='ocrx_word' id='word_1_243' title='bbox 1213 2563 1344 2608; x_wconf 79' lang='lat' dir='ltr'><strong>votis.</strong></span> <span class='ocrx_word' id='word_1_244' title='bbox 1374 2566 1467 2616; x_wconf 80' lang='lat'><strong>290</strong></span> 
     </span>
    </p>
   </div>
  </div>
 </body>
</html>
