1607 2700
147 96 241 137 214,
483 107 532 139 P.
570 105 819 140 vinoun
858 106 1098 140 MARoMs
1164 134 1169 143 .

147 224 210 269 Et
236 222 372 269 viridi
397 223 559 271 sedere
583 225 714 272 solo:
743 234 843 273 tum
868 224 1099 271 maximus
1127 223 1269 271 heros

148 290 394 337 Maternas
418 292 637 352 agnoscit
659 309 788 349 aves,
813 292 1045 352 laetusque
1070 299 1319 354 precatur:

147 357 259 402 Este
285 357 444 410 duceS,
472 375 515 414 o,
543 359 677 420 siqua
697 358 774 405 via
791 367 877 414 est,
905 373 1188 418 cursumque
1209 373 1293 418 per
1311 371 1455 402 auras

149 422 348 485 Dirigite
373 424 423 470 in
446 424 592 480 lucos,
619 425 701 471 ubi
726 425 949 486 pinguem
975 424 1104 469 dives
1129 431 1302 485 opacat

149 490 327 537 Ramus
346 491 564 537 humum:
593 500 758 553 tuque,
784 508 828 547 o,
855 489 1013 536 dubiis
1034 506 1092 536 ne
1111 488 1266 536 defice
1286 488 1430 535 rebus

151 556 273 602 Diva
296 573 483 620 parens.
556 558 635 604 Sic
659 556 846 613 effatuS,
871 555 1067 616 vestigia
1090 556 1279 617 pressit,

150 623 427 669 Observans
445 639 553 684 quae
571 624 703 685 signa
718 622 885 677 ferant,
909 621 1005 683 quo
1023 622 1217 669 tendere
1233 628 1453 684 pergant.

150 689 402 736 Pascentes
430 690 521 736 illae
547 690 731 736 tannim
757 688 952 753 prodire
977 688 1196 744 volando,
1329 694 1455 744 ‘199

152 756 402 809 Quantum
427 756 528 802 acie
555 766 749 818 possent
773 756 898 802 oculi
923 770 1106 802 servare
1132 754 1436 816 sequentum.

151 823 271 869 Inde
297 822 379 869 ubi
406 825 574 871 venere
600 823 660 870 ad
687 823 849 869 fauces
874 821 1188 884 graveolentis
1217 821 1411 874 Averni;

148 887 347 936 Tollunt
372 905 421 936 se
446 891 640 947 celeres,
666 888 998 952 liquidumque
1023 904 1110 950 per
1134 892 1241 933 ae'ra
1265 887 1432 950 lapsae,

151 955 350 1002 Sedibus
374 957 550 1018 optatis
577 957 775 1019 geminae
800 971 941 1018 super
965 956 1135 1001 arbore
1161 954 1337 1010 sidunt,

152 1021 372 1069 Discolor
395 1023 520 1069 unde
545 1025 644 1070 auri
671 1040 756 1086 per
779 1039 932 1069 ramos
958 1037 1072 1067 aura
1096 1020 1299 1066 refulsit.

151 1089 304 1143 Quale
331 1089 452 1136 solet
477 1090 600 1136 silvis
626 1091 825 1136 brumali
852 1089 1027 1149 frigore
1052 1088 1234 1133 viscum

150 1155 336 1201 Fronde
356 1156 506 1202 virere
531 1158 670 1212 nov-21,
698 1157 830 1219 quod
855 1172 949 1201 non
974 1170 1056 1201 sua
1080 1154 1275 1200 seminat
1294 1153 1459 1210 arbos,

148 1221 212 1267 Et
237 1237 412 1269 croceo
437 1222 554 1269 foetu
578 1231 751 1270 teretes
778 1222 1076 1269 circumdare
1100 1228 1310 1266 truncos.

150 1288 282 1334 Talis
307 1298 406 1336 erat
430 1289 609 1350 species
634 1290 732 1336 auri
757 1288 1018 1336 frondentis
1043 1287 1193 1348 opaca

150 1354 284 1410 llice,
312 1356 377 1402 sic
403 1356 497 1402 leni
523 1356 791 1418 crepitabat
817 1356 1008 1401 bractea
1034 1362 1192 1400 vento.

153 1421 362 1484 Corripit
381 1423 620 1484 extemplo
642 1424 828 1479 AEneas,
849 1421 1112 1483 avidusque
1133 1418 1345 1481 refringit
1362 1426 1461 1468 210

154 1489 490 1545 Cunctantem,
519 1497 570 1536 et
595 1490 710 1535 vatis
736 1496 896 1550 portat
922 1489 1011 1534 sub
1037 1495 1162 1533 tecta
1189 1486 1402 1548 Sibyllae.

219 1555 326 1601 Nec
353 1555 507 1601 minus
533 1556 712 1601 interea
739 1556 977 1601 Misenum
1004 1555 1048 1600 in
1075 1554 1235 1600 littore
1259 1552 1440 1600 Teucri

154 1620 371 1676 Flebant,
397 1630 445 1669 et
471 1622 614 1668 cineri
638 1622 825 1683 ingrato
851 1637 1069 1682 suprema
1094 1621 1325 1667 ferebant.

153 1688 394 1750 Principio
420 1689 644 1751 pinguem
668 1688 806 1735 taedis
831 1695 878 1734 et
901 1687 1071 1733 robore
1098 1696 1228 1732 secto

154 1755 403 1816 Ingentem
430 1762 642 1802 struxere
666 1771 855 1818 pyram:
883 1755 961 1801 cui
984 1752 1233 1799 frondibus
1257 1753 1370 1800 atris

153 1820 381 1867 Intexunt
405 1821 569 1879 latera,
596 1829 644 1869 et
667 1822 833 1868 ferales
859 1821 967 1867 ante
993 1836 1242 1882 cupressos

155 1887 478 1945 Constituunt‚
498 1889 822 1950 decorantque
839 1904 980 1949 super
994 1886 1284 1949 fulgentibus
1301 1886 1460 1934 armis-

154 1953 269 2000 Pars
296 1954 478 2001 calidos
506 1956 672 2003 latices
695 1963 744 2002 et
767 1960 884 2001 aena
909 1952 1131 1999 undantia
1157 1952 1354 1999 flammis

156 2020 458 2082 Expediunt,;
476 2038 750 2084 corpusque
765 2021 925 2068 lavant
935 2020 1146 2083 frigentis
1162 2027 1208 2065 et
1224 2027 1459 2081 unguunt.

157 2087 235 2133 Fit
251 2087 471 2148 gemituS.
503 2089 629 2136 Tum
650 2089 864 2135 membra
883 2096 990 2135 toro
1011 2086 1184 2133 defleta
1202 2094 1459 2148 reponunt,

156 2153 519 2217 Purpureasque
545 2156 688 2218 super
712 2163 885 2211 vestes,
911 2153 1142 2201 velamina
1165 2161 1291 2208 nota,
1363 2161 1455 2202 221

158 2219 449 2280 Conjiciunt.
520 2223 632 2268 Pars
658 2222 833 2283 ingenti
857 2222 1043 2268 subiere
1066 2220 1258 2276 feretro,

155 2286 314 2333 Triste
335 2287 672 2336 ministerium!
701 2296 750 2335 et
770 2288 1033 2350 subjectam
1054 2303 1180 2334 more
1204 2294 1461 2351 parentum

159 2354 328 2400 Aversi
354 2362 545 2401 tenuere
570 2354 747 2401 facem:
775 2363 1000 2417 congesta
1026 2364 1298 2402 cremantur

159 2419 354 2466 Thurea
379 2419 519 2478 dona,
548 2419 716 2483 dapes,
743 2420 852 2469 fuso
877 2428 1077 2467 crateres
1101 2421 1245 2467 olivo.

159 2485 416 2551 Postquain
444 2488 640 2552 collapsi
667 2489 859 2542 cineres,
886 2497 934 2535 et
958 2487 1148 2535 flamma
1175 2487 1375 2551 quievit,
