1586 2704
131 111 227 152 318
456 116 505 150 P.
545 116 787 150 VIRGILH
831 115 1093 151 MARoms

131 230 198 276 Ut
225 228 342 275 vidit
368 227 558 276 socios:
594 229 806 289 Tempus
829 230 1055 276 desistere
1080 245 1253 293 pugnae
1275 247 1287 285 ς
1342 240 1431 281 441

132 294 270 341 Solus
294 311 385 356 ego
404 295 451 341 in
473 295 685 342 Pallanta
711 296 850 351 feror,
877 296 962 341 soli
995 297 1106 342 mihi
1134 297 1286 342 Pallas

132 360 376 407 Debetur:
405 377 643 422 cuperem,
670 361 766 422 ipse
787 377 953 422 parens
971 370 1208 422 spectator
1227 362 1428 410 adesset.

132 426 251 471 Haec
273 426 367 477 ait;
405 436 452 472 et
476 427 592 472 socii
613 435 856 471 cesserunt
877 442 1067 487 aequore
1087 427 1241 500 jusso.

130 494 196 537 At
223 491 454 537 Rutulum
481 493 705 538 abscessu
724 490 934 549 juveniS,
958 500 1054 536 tum
1075 493 1208 552 jussa
1237 494 1438 566 superba

131 557 353 612 Miratus,
381 565 542 618 stupet
567 557 612 602 in
636 558 828 602 Turno:
873 572 1141 617 corpusque
1168 574 1249 618 per
1276 559 1437 617 ingens

130 621 339 668 Lumina
359 624 517 675 volvit,
540 621 735 683 obitque
762 621 883 667 truci
908 625 1078 683 procul
1105 624 1260 669 omnia
1286 625 1406 678 visu,

127 685 325 734 Talibus
349 696 392 732 et
419 688 559 732 dictis
583 687 618 732 it
642 695 806 732 contra
832 687 962 733 dicta
990 688 1198 748 tyranni:

128 754 227 799 Aut
252 753 413 812 spoliis
437 769 524 813 ego
540 752 643 812 Jam
666 752 815 814 raptis
835 752 1067 797 laudabor
1090 753 1275 814 opimis,
1346 763 1441 812 449

129 821 228 864 Aut
251 818 344 863 leto
368 818 566 879 insigni:
604 819 720 864 sorti
740 827 874 879 pater
896 834 1059 879 aequus
1086 819 1271 880 utrique
1285 830 1384 867 est:

129 883 270 929 Tolle
298 883 462 929 minas.
535 884 679 930 Fatus
705 884 912 930 medium
942 885 1152 944 procedit
1183 884 1227 930 in
1254 902 1438 947 aequor.

130 948 346 1011 Frigidus
374 949 642 995 Arcadibus
667 950 764 995 coit
799 950 844 995 in
873 949 1138 1010 praecordia
1162 952 1369 1011 sanguis.

130 1014 337 1061 Desiluit
356 1014 545 1060 Turnus
574 1016 764 1077 bijugis,
789 1015 934 1076 pedes
959 1024 1158 1077 apparat
1179 1016 1246 1062 ire

130 1081 374 1128 Cominus.
445 1081 604 1142 thue
629 1081 717 1137 leo,
744 1081 934 1141 specula
960 1082 1068 1126 cum
1099 1081 1213 1127 vidit
1237 1082 1298 1127 ab
1322 1082 1419 1129 alta

131 1147 272 1193 Stare
298 1146 468 1207 procul
493 1148 673 1208 campis
703 1147 1005 1193 meditantem
1027 1147 1187 1208 praelia
1213 1156 1419 1204 taurum,

130 1211 340 1259 Advolat
360 1227 371 1264 ;
411 1211 534 1258 haud
556 1213 643 1257 alia
670 1220 742 1259 est
763 1212 911 1258 Turni
936 1214 1163 1259 venientis
1185 1214 1358 1276 imago,

199 1278 341 1323 Hunc
369 1277 447 1323 ubi
473 1278 743 1339 contiguum
763 1279 913 1324 missae
932 1277 1030 1324 fore
1052 1279 1255 1325 credidit
1270 1281 1436 1336 hastae,

133 1343 207 1390 Ire
231 1343 361 1405 prior
385 1343 549 1399 Pallas,
576 1344 614 1389 si
640 1342 732 1405 qua
760 1343 853 1390 fors
878 1344 1070 1405 adjuvet
1095 1360 1277 1399 ausum,
1310 1348 1438 1408 [turz

134 1408 324 1455 Viribus
343 1409 631 1470 imparibus;
671 1426 986 1472 magnumque
1011 1410 1076 1456 ita
1099 1410 1157 1456 ad
1180 1410 1352 1456 aethera
1370 1411 1440 1457 fa-

134 1473 225 1522 Per
239 1475 384 1537 patris
398 1475 731 1536 hospitiun1‚et
747 1492 927 1522 mensas
938 1492 1054 1537 quas
1067 1475 1249 1522 advena
1259 1477 1419 1533 adisti,

131 1541 206 1588 Te
226 1556 408 1603 precor,
434 1541 619 1596 Alcide,
646 1542 817 1603 coeptis
839 1541 1110 1602 ingentibus
1138 1541 1293 1589 adsis:
1343 1541 1409 1590 46
1422 1550 1438 1590 ⁴.

134 1606 345 1652 Cernant
368 1605 588 1652 semineci
614 1607 702 1653 sibi
729 1623 802 1654 me
828 1624 992 1668 rapere
1019 1623 1150 1653 arma
1174 1615 1387 1665 cruenta,

133 1672 470 1734 victoremque
500 1671 654 1719 ferant
678 1673 926 1719 morientia
951 1673 1126 1719 lumina
1147 1672 1309 1720 Turni.

135 1736 306 1786 Audiit
331 1736 780 1799 Alcidesjuvenem‚
809 1755 1130 1800 magnumque
1148 1740 1235 1784 sub
1262 1740 1356 1785 imo

136 1802 1426 1866 Cordepremitgemitum,lacrymasqueeffuditinaneS.

132 1871 260 1918 Tum
281 1869 463 1931 genitor
485 1878 647 1917 natum
672 1870 813 1916 dictis
835 1870 1010 1916 affatur
1031 1870 1222 1916 amicis:

135 1938 237 1984 Stat
254 1952 336 1982 sua
351 1935 524 1997 cuique
548 1936 667 1993 dies,
696 1937 837 1981 breve
861 1944 907 1982 et
931 1936 1235 1998 irreparabile
1257 1943 1445 1998 tempus

136 2001 376 2050 Omnibus
400 2010 473 2048 est
497 2001 640 2056 vitae;
677 2002 757 2048 sed
784 2000 956 2048 famam
986 2001 1238 2048 extendere
1265 2002 1419 2059 sactis,

135 2069 242 2119 Hoc
267 2067 451 2113 virtutis
476 2083 609 2128 opus.
678 2067 844 2129 Trojae
871 2067 960 2114 sub
987 2066 1217 2114 moenibus
1245 2068 1352 2114 altis

134 2136 233 2181 Tot
257 2132 355 2179 nati
378 2132 593 2179 cecidere
614 2133 768 2179 Defim
795 2149 806 2180 t
835 2133 947 2195 quin
975 2133 1152 2180 occidit
1180 2132 1297 2179 una:
1323 2142 1421 2187 470

137 2198 405 2261 Sarpedon,
432 2214 534 2244 mea
553 2201 822 2260 progenieS.
893 2199 1046 2246 Etiam
1071 2215 1155 2244 sua
1178 2199 1403 2247 Turnum

139 2267 255 2315 Fata
278 2271 465 2319 vocant,
492 2273 736 2327 metasque
761 2264 863 2311 dati
889 2266 1103 2327 pervenit
1124 2264 1182 2309 ad
1204 2265 1309 2311 aevi.

138 2332 218 2379 Sic
241 2329 326 2386 ait,
351 2337 496 2390 atque
514 2331 680 2377 oculos
706 2331 990 2378 Rutulorum
1015 2331 1168 2391 rejicit
1188 2332 1327 2379 arvis.

204 2396 268 2442 At
293 2395 450 2442 Pallas
476 2399 654 2456 magnis
678 2396 850 2444 emittit
874 2398 1052 2444 viribus
1079 2397 1279 2454 hastam,

141 2461 417 2526 Vaginfique
441 2462 560 2510 cava
582 2461 838 2526 fulgentem
864 2463 1024 2526 diripit
1049 2479 1229 2511 ensem*
