1580 2686
131 38 195 80 Οἳ
461 44 509 77 P.
551 45 802 79 VIRGILII
833 45 1129 81 MARole-

133 138 266 185 Inter
290 154 339 184 se
363 137 572 184 adversis
599 139 838 186 luctantur
857 140 1078 187 cornibus
1105 140 1250 187 hoedi.

133 205 242 266 Ipse
267 206 365 251 dies
385 204 536 265 agitat
559 205 735 260 festos;
774 205 1005 268 fususque
1030 223 1115 269 per
1134 208 1348 266 herbam,

132 271 260 332 Ignis
287 270 369 317 ubi
396 271 442 316 in
468 271 641 328 medio,
669 280 714 317 et
740 272 852 319 socii
877 280 1062 319 cratera
1087 283 1334 327 coronant,

130 338 202 382 Te
228 337 398 393 libans,
427 338 609 394 Lenaee,
639 348 805 392 vocat;
843 340 1125 400 pecorisque
1148 340 1382 402 magistris

131 403 323 450 Velocis
342 404 496 466 Jaculi
521 405 777 450 certamina
805 405 943 466 ponit
965 406 1010 451 in
1037 406 1181 462 ulmo,
1354 411 1448 454 530

133 471 447 532 Corporaque
473 471 643 532 agresti
670 471 853 516 nudant
876 471 1096 532 praedura
1115 472 1358 533 palaestra.

134 539 274 584 Hauc
299 537 414 582 olim
441 546 618 582 veteres
646 536 788 582 vitam
815 539 1004 582 coluere
1033 538 1212 594 Sabini,

133 602 273 649 Hanc
297 603 478 649 Remus
503 610 550 648 et
574 601 744 648 frater:
797 602 866 649 sic
891 602 1027 649 fortis
1063 604 1256 650 Etruria
1280 603 1444 660 crevit,

130 668 343 724 Scilicet,
366 677 413 714 et
438 686 469 714 ι,
491 685 590 713 *um
616 667 744 714 facta
768 677 840 714 est
859 669 1177 730 pulcherrima
1202 671 1378 725 Roma,

131 735 425 796 Septenique
447 750 472 780 t.
527 751 538 779 ι
564 734 655 780 sibi
675 751 810 780 muro
835 735 1155 781 circumdedit
1177 752 1326 782 arces.

128 802 254 847 Ante
279 801 420 847 etiam
446 809 686 862 sceptrum
713 801 886 847 Dictaei
909 802 1046 863 regis,
1071 809 1118 847 et
1142 803 1251 848 ante

128 865 282 929 Impia
310 866 454 929 quam
480 867 612 913 caesis
638 884 749 928 gens
767 875 840 914 est
862 868 1055 928 epulata
1071 868 1315 929 juvencis.

129 935 318 980 Aureus
343 934 463 980 hanc
484 935 625 980 vitam
651 934 697 979 in
719 934 851 980 terris
878 936 1103 980 Saturnus
1126 935 1313 995 agebat.

131 999 348 1045 Necdum
373 1001 519 1047 etiam
544 1001 794 1047 audierant
818 999 970 1046 inflari
997 1000 1211 1055 classica,
1238 999 1444 1047 necdum

129 1066 384 1128 Impositos
402 1066 531 1113 duris
552 1068 784 1129 crepitare
809 1066 1064 1113 incudibus
1091 1084 1245 1114 enses.
1352 1074 1448 1114 540

195 1132 286 1179 Sed
315 1149 399 1180 nos
425 1134 707 1180 immensum
733 1134 896 1194 spatiis
934 1134 1224 1179 confecimus
1265 1149 1445 1195 aequor,

129 1197 309 1260 Etjam
336 1209 523 1263 ternpus
550 1202 726 1263 equum
750 1199 984 1246 fumantia
1006 1200 1185 1246 solvere
1210 1199 1347 1247 colla.

631 1346 811 1385 LIBER
837 1345 923 1385 III.

130 1469 226 1527 TE
265 1493 476 1539 quoque,
518 1490 688 1536 magna
735 1474 883 1530 PaleS‚
927 1480 976 1520 et
1016 1482 1078 1531 te,
1122 1472 1444 1528 memorande,

259 1559 501 1598 canemus,
1316 1541 1426 1602 [caei

127 1612 293 1658 Pastor
317 1610 378 1655 ab
407 1608 707 1671 Amphrysm
747 1623 847 1660 vos,
874 1607 1019 1662 silvae,
1047 1621 1309 1667 amnesque
1357 1607 1447 1669 Ly-

129 1679 317 1733 Cetera,
346 1693 452 1738 quae
479 1690 654 1720 vacuas
677 1674 936 1719 tenuissent
956 1674 1164 1718 carmina
1180 1681 1378 1728 mentes,

127 1742 426 1803 Omniajam
452 1741 655 1802 vulgata.
694 1740 814 1793 Quis
839 1747 921 1785 aut
946 1739 1213 1802 Eurysthea
1232 1737 1421 1794 durum,

126 1814 227 1858 Aut
250 1808 465 1856 illaudati
490 1808 639 1853 nescit
658 1806 887 1852 Busiridis
912 1808 1050 1853 aras?

127 1879 218 1924 Cui
243 1893 336 1922 non
358 1875 517 1921 dictus
543 1874 692 1936 Hylas
718 1888 852 1934 puer,
874 1880 921 1918 et
947 1871 1146 1918 Latonia
1170 1871 1358 1917 Delos?

129 1943 547 2007 Hippodameque,
614 1941 908 2001 humeroque
992 1939 1168 2002 Pelops
1248 1937 1444 1998 insignis

258 2011 458 2063 eburno,
1242 2003 1445 2066 [possim

127 2079 255 2124 Acer
280 2076 447 2137 equis?
483 2071 742 2120 Tentanda
766 2071 839 2118 via
875 2077 964 2127 est,
1009 2070 1104 2132 qua
1140 2086 1215 2116 me
1255 2085 1446 2131 quoque

127 2143 322 2188 Tollere
349 2142 510 2196 humo,
538 2141 785 2200 victorque
812 2138 963 2184 virum
988 2137 1183 2183 volitare
1210 2151 1294 2198 per
1317 2152 1412 2182 ora.

128 2210 312 2256 Primus
337 2224 426 2269 ego
450 2207 501 2253 in
524 2206 724 2269 patriam
749 2220 955 2261 mecum,
994 2202 1139 2249 modo
1164 2202 1263 2249 vita
1288 2218 1449 2264 super-

260 2276 337 2329 sit,
1387 2277 1446 2316 10

127 2342 282 2390 Aonio
305 2339 489 2387 rediens
516 2338 751 2386 deducam
780 2336 955 2384 vertice
980 2336 1146 2383 Musas
1169 2352 1180 2389 ;

128 2410 314 2455 Primus
340 2406 572 2453 Idumaeas
598 2404 794 2451 referam
820 2404 927 2459 tibi,
955 2405 1173 2457 Mantua,
1196 2402 1377 2465 palmas
1400 2420 1413 2457 ;

129 2479 190 2525 Et
214 2475 352 2524 viridi
378 2474 422 2520 in
450 2488 618 2536 campo
644 2471 870 2535 templum
897 2470 955 2518 de
983 2484 1212 2517 marmore
1252 2485 1444 2532 ponam,
