1614 2694
569 52 878 87 GEORGICA.
920 53 1029 86 LIB.
1069 51 1106 85 1.
1429 45 1490 85 45

186 146 418 194 Profuerit
443 145 711 191 meminisse
738 145 885 205 magis
909 162 919 198 ;
959 161 1066 190 nam
1095 161 1220 208 saepe
1249 144 1460 195 videmus

187 214 342 276 Ipsius
368 213 409 258 in
438 212 571 257 vultu
591 212 744 258 varios
768 227 918 258 errare
945 213 1145 257 colores.

187 279 427 327 Coeruleus
450 278 662 340 pluviam
688 277 963 333 denunciat,
982 277 1162 339 igneus,
1191 280 1361 324 Euros.

185 346 267 391 Sin
287 345 486 390 maculae
511 345 738 407 incipient.
759 344 894 389 rutilo
920 344 1219 392 immiscerier
1239 345 1365 406 igni3

187 411 362 458 Omnia
387 421 499 457 tunc
525 415 697 473 pariter
724 420 863 457 vento
890 410 1155 472 nimbisque
1183 411 1363 457 videbis

185 479 396 523 Fervere.
450 479 560 524 Non
586 478 666 523 illa
695 478 945 539 quisquam
973 494 1045 523 me
1073 486 1213 523 nocte
1241 494 1324 538 per
1350 479 1495 526 altum

184 544 273 598 Ire,
302 560 455 606 neque
481 561 506 590 a
532 545 655 591 terra
680 552 869 589 moneat
895 543 1162 590 convellere
1187 543 1362 590 funem.

182 612 249 656 At
274 610 327 666 si,
355 611 463 657 cum
491 610 757 672 referetque
783 610 924 665 diem,
951 609 1221 672 condetque
1249 612 1463 665 relatum,

183 677 394 724 Lucidus
420 679 546 724 orbis
573 678 676 732 erit,
705 678 877 723 frustra
904 678 1136 723 terrebere
1163 678 1349 734 nimbis,

183 743 242 788 Et
268 744 397 790 claro
423 744 559 790 silvas
587 760 750 791 cernes
776 744 1014 805 Aquilone
1041 745 1235 789 moveri.
1403 744 1499 792 460

251 810 482 871 Denique,
505 810 619 873 quid
638 812 817 872 Vesper
836 826 963 856 serus
987 811 1142 865 vehat,
1165 810 1292 856 unde
1311 827 1499 857 serenas

182 877 365 923 Ventus
390 885 500 938 agat
526 877 692 931 nubes,
719 877 829 939 quid
856 877 1035 937 cogitet
1061 877 1282 924 humidus
1304 879 1497 932 Auster,

184 943 266 989 Sol
293 943 380 989 tibi
407 944 539 1004 signa
564 944 728 990 dabit:
768 942 925 990 Solem
955 943 1057 1005 quis
1083 943 1242 989 dicere
1267 943 1432 990 falsum

182 1009 408 1057 Audeat?
451 1010 527 1056 ille
553 1010 694 1056 etiam
722 1026 878 1056 caecos
906 1010 1080 1056 instare
1101 1011 1501 1072 tumultus[bella.

184 1077 323 1138 Saepe
367 1085 545 1134 monet,
587 1076 898 1139 fraudemque
941 1086 990 1124 et
1031 1087 1196 1138 operta
1236 1087 1501 1125 tumescere

182 1143 265 1188 Ille
291 1142 433 1190 etiam
460 1143 672 1190 extincto
699 1144 938 1190 miseratus
966 1144 1156 1190 Caesare
1181 1145 1377 1191 Romam
1402 1163 1414 1200 3

182 1209 306 1255 Cum
332 1218 478 1272 caput
503 1211 710 1257 obscura
735 1209 938 1256 nitidum
964 1210 1196 1272 ferrugine
1222 1212 1355 1268 texit,

182 1276 430 1338 Impiaque
452 1285 673 1323 aeternam
700 1277 961 1323 timuerunt
985 1279 1157 1323 saecula
1183 1287 1388 1325 noctem.

181 1343 421 1406 Tempore
443 1360 719 1405 quanquam
736 1343 813 1389 illo
838 1343 977 1390 tellus
1000 1351 1282 1406 quoque‚'et
1304 1361 1496 1407 aequora

315 1411 467 1472 ponti,'

183 1476 510 1539 Obscoenique
535 1492 693 1532 canes,
719 1475 1102 1538 importunaeque
1128 1476 1345 1524 volucres
1402 1485 1501 1532 470

182 1542 326 1604 Signa
343 1542 540 1590 dabant.
565 1541 769 1597 Quoties
786 1542 1051 1604 Cyclopum
1067 1542 1288 1590 effervere
1301 1544 1345 1590 in
1360 1561 1500 1607 agros

181 1609 397 1657 Vidimus
425 1609 682 1655 undantem
708 1609 860 1671 ruptis
885 1607 1166 1656 fornacibus
1190 1610 1397 1668 AEtnam,

182 1675 594 1738 flammarumque
607 1674 1157 1737 globos‚liquefactaque
1172 1677 1355 1724 volvere
1370 1679 1498 1725 saxa!

180 1744 436 1788 Armorum
461 1743 672 1789 sonitum
699 1749 800 1787 toto
828 1743 1090 1789 Germania
1116 1743 1236 1789 coelo

182 1808 371 1864 Audiit;
409 1808 609 1855 insolitis
649 1815 943 1855 tremuerunt
965 1809 1175 1855 motibus
1199 1810 1366 1873 Alpes.

180 1875 288 1921 Vox
314 1891 507 1938 quoque
531 1891 616 1937 per
639 1874 775 1922 lucos
800 1874 945 1936 vulgo
971 1876 1194 1922 exaudita
1218 1877 1408 1923 silentes

183 1941 390 2004 Ingens·
378 1979 391 1996 ,
428 1949 473 1987 et
499 1942 752 1988 simulacra
777 1942 927 1988 modis
954 1942 1183 2003 pallentia
1209 1943 1336 1989 miris

182 2009 294 2054 Visa
318 2009 408 2054 sub
432 2008 693 2055 obscurum
719 2008 907 2064 noctis;
947 2009 1252 2071 pecudesque
1279 2011 1465 2066 locutae,

183 2074 473 2121 Infandum!
513 2075 687 2121 sistunt
711 2091 892 2132 amnes,
918 2083 1152 2137 terraeque
1177 2076 1465 2131 dehiscunt;

183 2141 247 2188 Et
286 2149 510 2188 moestum
553 2141 820 2204 illacrymat
870 2142 1062 2205 templis
1119 2142 1254 2198 ebur,
1310 2160 1501 2205 aeraque

319 2208 508 2254 sudant.
1403 2218 1500 2258 480

186 2273 368 2321 Proluit
392 2273 558 2320 insano
585 2280 910 2336 contorquens
934 2274 1114 2321 vortice
1140 2274 1278 2322 silvas

187 2340 222 2384 1³
227 2339 460 2387 luviorum
482 2357 563 2387 rex
587 2341 842 2397 Eridanus,
869 2357 1163 2404 camposque
1187 2357 1273 2403 per
1291 2358 1450 2389 omnes

189 2405 309 2451 Cum
335 2407 535 2453 stabulis
559 2416 769 2454 armenta
794 2407 936 2453 tulit:
975 2424 1064 2454 nec
1090 2417 1303 2482 tempore
1329 2409 1499 2457 eodem

188 2471 427 2520 'Iristibus
452 2481 533 2520 aut
557 2473 676 2521 extis
709 2474 830 2517 fibrae
859 2489 1091 2537 apparere
1116 2475 1344 2531 minaceS,
