1546 2686
97 119 160 174 90
424 126 761 165 P.v1RG·1Ls1
802 123 1068 168 MAnoms
1115 148 1119 152 -

163 245 279 295 Est
269 262 315 293 m
340 248 599 309 Carpathio
625 250 839 312 Neptuni
863 250 1048 314 gurgite
1068 258 1215 307 vates,

96 314 341 361 Coeruleus
364 315 577 372 Proteus,
605 332 826 377 magnum
853 318 934 379 qui
958 317 1171 381 piscibus
1198 331 1379 379 aequor,

86 377 344 443 ‘Etjuncto
370 381 595 444 bipedum
618 399 759 429 curru
781 386 968 430 metitur
986 400 1232 444 equorum.

94 446 188 493 Hic
210 463 335 494 nunc
359 448 589 495 Emathiae
610 457 790 510 portuS,
816 450 1114 512 patriamque
1137 450 1298 496 revisit
1321 456 1417 505 390

93 513 316 561 Pallenen
338 533 350 570 ;
390 516 516 561 bunc
541 522 587 560 et
612 515 837 577 nympbae
861 532 1150 573 veneramur,
1177 524 1225 563 et
1249 517 1351 578 ipse

95 580 395 627 Grandaevus
418 581 600 628 Nereus
621 597 633 627 ι
671 581 804 627 novit
827 596 1034 644 namque
1057 583 1211 628 omnia
1238 592 1383 638 vateS,

95 647 217 702 Quae
238 646 348 703 sint,
367 662 476 709 quae
492 646 679 703 fuerint,
702 663 810 709 quae
827 664 936 693 mox
947 656 1143 694 ventura
1155 649 1417 696 trahantur.

94 713 290 776 Quippe
309 712 376 759 ita
395 713 625 774 Neptuno
651 713 803 759 visum
826 723 894 760 est
916 731 927 769 ;
975 714 1198 761 immania
1224 716 1364 776 cujus

91 781 339 836 Armenta,
361 786 410 826 et
433 786 597 841 turpes
620 779 775 842 pascit
800 780 889 826 sub
914 779 1096 843 gurgite
1122 781 1318 842 phocas.

93 845 188 892 Hic
212 845 316 902 tibi,
353 853 478 900 nate,
506 845 635 907 prius
661 845 823 893 vinclis
849 846 1126 909 capiendus,
1154 854 1208 893 ut
1231 863 1419 895 omnem

93 912 335 975 Expediat
358 911 512 958 morbi
537 928 744 969 causam,
770 922 1064 975 eventusque
1090 913 1338 962 secundet.

92 977 217 1025 Nam
244 978 343 1025 sine
367 979 413 1024 vi
433 993 529 1025 non
555 978 650 1025 ulla
674 978 810 1026 dabit
833 987 1092 1042 praecepta,
1116 994 1271 1042 neque
1289 980 1419 1026 illum

95 1045 295 1092 Orando
320 1043 481 1091 flectes
504 1062 515 1099 3
552 1045 645 1091 vim
671 1045 835 1092 duram
862 1055 909 1093 et
935 1045 1122 1092 vincula
1147 1055 1292 1108 capto
1325 1053 1420 1103 399

92 1110 288 1159 Tende:
315 1111 413 1158 doli
435 1110 615 1158 circum
638 1112 741 1158 haec
758 1113 947 1159 demum
964 1111 1420 1174 frangenturinaneS.

92 1178 207 1240 Ipsa
231 1194 319 1241 ego
345 1186 406 1234 te,
434 1177 614 1224 medios
635 1178 745 1225 cum
769 1178 847 1226 Sol
873 1178 1148 1226 accenderit
1175 1189 1336 1235 aestus,

94 1243 215 1291 Cum
235 1245 403 1291 sitiunt
418 1245 595 1300 herbae,
609 1254 656 1291 et
668 1245 826 1307 pecori
839 1245 940 1307 jam
953 1246 1129 1306 gratior
1144 1246 1313 1292 umbra
1330 1254 1420 1303 est,

92 1310 149 1356 In
176 1318 358 1358 secreta
382 1310 505 1358 senis
530 1310 720 1368 ducam,
743 1310 840 1373 quo
860 1311 1007 1358 fessus
1032 1313 1092 1358 ab
1119 1312 1257 1358 undis

94 1378 153 1424 Se
172 1377 345 1440 recipit
367 1393 379 1432 ;
432 1376 575 1424 facile
601 1385 655 1424 ut
674 1394 840 1424 somno
864 1378 1139 1439 aggrediare
1157 1377 1422 1439 jacentem.

93 1443 273 1490 Verum
288 1444 370 1491 ubi
387 1452 664 1504 correptum
684 1444 921 1501 manibus,
934 1445 1200 1508 vinclisque
1218 1446 1421 1502 tenebis,

93 1509 225 1556 Tum
250 1511 390 1558 variae
410 1509 608 1557 illudent
628 1511 828 1574 species,
855 1519 1000 1574 atque
1025 1528 1109 1558 ora
1133 1511 1355 1558 ferarum.

93 1576 198 1623 Fiet
219 1578 345 1624 enim
373 1576 534 1624 subito
561 1593 641 1624 sus
667 1577 904 1633 horriduS,
932 1585 1132 1640 atraque
1157 1579 1306 1640 tigris,

94 1643 481 1706 Squamosusque
506 1641 670 1700 draco,
695 1652 742 1690 et
766 1643 896 1690 fulva
923 1646 1108 1692 cervice
1145 1644 1321 1699 leaena:

92 1711 194 1756 Aut
217 1726 373 1758 acrem
392 1710 594 1757 flammae
612 1710 815 1757 sonitum
832 1710 982 1768 dabit,
1004 1720 1149 1773 atque
1170 1710 1233 1757 ita
1254 1711 1422 1758 vinclis

94 1776 314 1835 Excidet,
339 1785 422 1824 aut
446 1777 494 1823 in
518 1793 666 1841 aquas
691 1785 854 1825 tenues
879 1777 1091 1839 dilapsus
1117 1778 1288 1824 abibit.
1326 1785 1424 1826 410

94 1844 187 1891 Sed
213 1843 394 1905 quanto
418 1843 495 1890 ille
521 1844 671 1907 magis
690 1843 867 1891 formas
895 1861 943 1891 se
968 1851 1118 1892 vertet
1141 1843 1185 1889 in
1206 1861 1386 1904 onuieS‚

93 1910 270 1967 Tanto,
297 1918 424 1967 nate,
446 1911 598 1975 magis
618 1910 854 1957 contende
874 1912 1057 1958 tenacia
1083 1910 1234 1957 vincla
1255 1927 1267 1958 ε

94 1978 266 2025 Donec
292 1977 397 2024 talis
422 1977 526 2036 erit,
555 1985 740 2025 mutato
766 1993 984 2040 corpore,
1011 1977 1201 2040 qualem

76 2042 299 2101 videris,
325 2044 520 2108 incepto
546 2052 725 2107 tegeret
747 2045 857 2090 cium
884 2044 1056 2091 lumina
1085 2060 1268 2090 somno.

160 2111 384 2167 Haecait,
402 2121 448 2158 et
466 2111 696 2175 liquidum
714 2111 966 2158 ambrosiae
991 2110 1185 2157 diffudit
1204 2110 1421 2168 odorem,

94 2178 205 2231 Quo
229 2185 385 2224 totum
410 2179 509 2225 nati
535 2193 702 2240 corpus
719 2176 976 2240 perduxit;
1014 2177 1147 2224 atilli

94 2243 262 2292 Dulcis
289 2244 565 2306 compositis
591 2243 784 2306 spiravit
809 2244 1020 2291 crinibus
1045 2259 1174 2299 aura,
1232 2243 1420 2307 [ingens

93 2313 258 2373 Atque
285 2310 452 2357 habilis
500 2310 721 2358 membris
746 2310 876 2357 venit
915 2310 1065 2372 vigor.
1137 2311 1223 2357 Est
1246 2326 1422 2374 specus

93 2378 235 2425 Exesi
260 2376 407 2423 latere
431 2377 476 2423 in
497 2377 698 2431 montis;
735 2393 831 2438 quo
855 2377 1059 2439 plurima
1086 2385 1225 2424 vento

95 2444 310 2506 Cogitur,
344 2442 490 2505 inque
511 2444 641 2490 sinus
667 2442 840 2490 scindit
862 2459 965 2491 sese
992 2441 1122 2490 unda
1143 2443 1367 2492 reductos
1385 2460 1399 2498 ;

94 2509 351 2574 Deprensis
376 2511 489 2557 olim
513 2510 653 2558 statio
678 2509 913 2557 tutissima
935 2509 1108 2557 nautis.
1325 2517 1417 2560 421

96 2576 227 2624 Intus
253 2593 302 2625 se
327 2577 449 2626 vasti
475 2578 673 2625 Proteus
699 2575 813 2640 tegit
836 2575 997 2638 objice
1019 2575 1137 2625 saxi.
