1607 2700
578 102 844 138 AEnmnos
885 101 995 135 Lm.
1043 99 1113 135 v1.
1406 94 1502 138 228

188 222 458 287 Supplicia;
485 229 532 267 ct
556 223 680 270 notis
702 222 963 283 compellat
988 222 1190 267 vocibus
1216 220 1365 266 ultro:
1394 221 1498 282 ieri,

178 289 441 350 Deiphobe
467 287 775 350 armipotens,
799 304 949 351 genus
962 287 1061 334 alto
1079 305 1106 334 a
1123 287 1350 349 sanguine
1368 287 1497 333 Teu-

154 365 158 368 ’
179 353 308 408 Quis
332 363 426 401 tam
453 354 673 400 crudeles
694 355 880 416 optavit
905 370 1088 402 sumere
1115 353 1311 416 poenas?
1398 361 1487 402 501

181 421 272 467 Cui
298 429 482 467 tantum
507 420 568 466 de
593 429 638 466 te
657 421 824 467 licuit?
863 420 983 468 Mihi
1007 419 1136 466 sama
1161 421 1385 480 suprema

181 487 337 533 Nocte
364 487 488 542 tulit,
515 486 692 533 fessum
715 488 847 534 vasta
877 497 921 534 te
948 486 1081 533 caede
1107 487 1362 547 Pelasgum

179 553 501 600 Procubuisse
523 569 666 615 super
691 554 907 601 confusae
935 554 1102 615 stragis
1129 569 1369 600 acervum.

175 619 314 665 Tunc
336 629 526 681 egomet
550 621 788 667 tumulum
820 622 1020 668 Rhoeteo
1047 622 1094 666 inv
1121 621 1277 666 littore
1303 620 1492 667 inanem

175 687 427 744 Constitui,
467 695 514 733 et
538 688 711 750 magna
684 690 908 735 aManes
932 697 1004 735 ter
1029 703 1149 734 voce
1175 688 1358 733 vocavi.

175 748 364 800 Nomen
381 763 429 801 et
448 755 746 801 armalocum
774 764 981 802 servant.
1008 755 1095 810 'le,
1115 754 1270 800 amice
1276 754 1492 816 ,nequivi

174 819 485 882 Conspicere,
516 829 564 868 et
588 821 742 883 patria
768 821 1012 868 decedens
1039 836 1220 882 ponere
1242 822 1383 867 terra.

173 886 248 932 Ad
278 902 386 947 quae
414 888 517 933 haec
546 887 838 934 Priamides:
879 888 1011 935 Nihil
1037 904 1064 932 0
1091 887 1196 944 tibi,
1222 887 1392 944 amice,
1420 904 1491 934 re-

302 952 467 1000 lictum
494 962 594 1001 est:

172 1019 347 1066 Omnia
375 1021 633 1082 Deiphobo
660 1020 858 1077 solvisti,
887 1027 935 1066 et
960 1019 1365 1067 funeris-umbris.
1394 1029 1491 1070 510

172 1084 267 1132 Sed
294 1102 368 1133 nie
393 1085 490 1133 fata
516 1104 622 1134 mea
647 1096 694 1134 et
720 1088 879 1134 scelus
905 1087 1094 1134 exitiale
1121 1087 1338 1134 Lacaenae

170 1152 257 1198 His
284 1168 486 1200 mersere
510 1155 675 1201 malis:
715 1155 794 1200 illa
820 1155 922 1201 haec
948 1165 1257 1200 monumenta
1277 1153 1488 1216 reliquit,

169 1219 394 1282 Namque
421 1228 473 1266 ut
499 1237 768 1283 supremam
804 1221 922 1267 talsa
948 1221 1071 1267 inter
1095 1221 1270 1282 gaudia
1295 1229 1488 1268 noctem

169 1286 436 1344 Egerimus,
449 1289 597 1341 nosti3
620 1288 874 1334 etnimium
897 1288 1164 1335 meminisse
1181 1304 1382 1335 necesse
1397 1296 1487 1334 est.

168 1352 291 1398 Cum
318 1352 476 1400 fatalis
502 1370 654 1416 equus
676 1355 798 1400 saltu
819 1370 960 1415 super
984 1353 1134 1401 ardua
1159 1354 1290 1402 venit

170 1419 415 1482 Pergama,
433 1427 482 1467 et
506 1428 738 1467 armatum
762 1420 971 1482 peditem
992 1422 1146 1482 gravis
1171 1420 1333 1468 attulit
1349 1421 1486 1468 alvo:

170 1485 482 1541 Illa,choruiu
510 1487 754 1543 simulanS,
798 1496 990 1534 evantes
1017 1488 1148 1548 orgia
1173 1488 1352 1534 circum

169 1552 396 1600 Ducebat
420 1554 677 1617 Phrygias:
708 1553 945 1599 flammam
972 1554 1128 1600 media
1153 1554 1255 1617 ipsa
1276 1555 1472 1601 tenebat

168 1619 434 1680 Ingentem,
463 1628 510 1666 et
536 1621 724 1666 summa
750 1621 950 1666 Danaos
975 1638 1030 1666 ex
1059 1637 1169 1668 arce
1196 1623 1418 1668 vocabat.

167 1686 292 1732 Tum
314 1703 383 1732 me
395 1686 669 1733 confectum
689 1687 814 1733 curis
837 1704 1101 1750 somnoque
1118 1697 1363 1748 gravatum
1387 1695 1487 1738 520

169 1751 332 1799 Infelix
356 1753 524 1800 habuit
549 1753 804 1811 thalamus,
834 1755 1102 1817 pressitque
1121 1756 1373 1816 jacentem

167 1819 331 1865 Dulcis
355 1829 406 1867 et
431 1821 529 1866 alta
554 1821 704 1881 quies,
733 1821 1037 1882 placidasque
1063 1822 1299 1869 simillima
1326 1823 1486 1870 morti.

169 1886 368 1948 Egregia
394 1887 575 1935 interea
595 1888 771 1948 conjux
795 1903 928 1933 arma
955 1889 1109 1934 onmia
1137 1890 1273 1936 tectis

169 1953 388 2010 Emovet,
417 1963 464 2000 et
489 1953 637 2000 fidum
665 1954 811 2016 capiti
839 1954 1136 2002 subduxerat
1161 1972 1335 2002 ensem.

169 2019 456 2067 Intratecta
482 2030 624 2067 vocat
646 2021 938 2078 Menelaum,
971 2031 1015 2066 et
1043 2022 1207 2068 limina
1234 2023 1419 2085 pandit.

171 2086 370 2134 Scilicet
396 2088 688 2148 idmagnum
716 2104 910 2149 sperans
937 2087 1038 2135 fore
1066 2092 1235 2135 munus
1262 2092 1454 2147 amanti,

177 2154 231 2198 Et
256 2153 430 2200 famam
459 2154 674 2217 extingui
701 2163 910 2201 veterum
938 2155 1005 2201 sic
1034 2172 1176 2218 posse
1205 2158 1453 2204 malorum.

173 2219 303 2272 Quid
327 2222 526 2267 moror?
570 2221 840 2282 irrumpunt
862 2222 1086 2279 thalamo,
1111 2240 1271 2270 coines
1292 2226 1484 2272 additui

176 2285 406 2333 Hui-tator
430 2287 663 2335 scelerum
691 2287 911 2336 AEolides.
940 2289 1021 2344 Di,
1050 2290 1167 2336 talia
1193 2292 1352 2338 Graiis
1376 2292 1487 2356 [una

175 2350 460 2408 Instaurate‚
487 2353 567 2414 pio
596 2353 630 2398 si
657 2368 822 2414 poenas
843 2370 923 2400 ore
950 2368 1172 2414 reposc0.
1396 2367 1489 2408 550

179 2417 273 2462 Sed
303 2425 348 2464 te
375 2418 457 2480 qui
484 2420 640 2464 vivum
670 2435 822 2476 casus,
851 2436 955 2482 age,
986 2419 1085 2466 fare
1113 2421 1333 2478 vicissim,

184 2483 461 2531 Attulerint.
540 2485 762 2546 Pelagine
789 2491 917 2533 venis
945 2487 1184 2534 erroribus
1211 2498 1346 2534 actus
1371 2492 1387 2536 3
