1607 2700
189 44 279 84 144
532 49 577 82 P.
618 49 868 84 VIRGILII
899 50 1165 86 MARONxs

180 168 306 231 Ergo
322 167 462 230 agite,
475 176 537 224 et,
552 167 729 217 Divum
742 169 926 217 ducunt
944 171 1070 232 qua
1050 186 1206 233 jussa
1222 187 1494 233 sequamur.

178 236 429 282 Placemus
456 243 637 292 ventos,
664 245 707 282 et
737 237 942 285 Gnosia
970 253 1115 300 regua
1138 246 1372 299 petamus.

178 301 283 348 Nec
307 301 450 363 longo
474 301 652 348 distant
680 319 853 350 cursu:
895 303 1037 351 modo
1061 305 1248 377 Jupiter
1272 304 1412 361 adsit,

178 367 348 415 Tertia
371 368 452 414 lux
473 369 676 414 classem
703 369 900 415 Cretaeis
923 370 1057 416 sistet
1081 370 1126 415 in
1154 386 1263 416 oris.

180 435 262 480 Sic
286 434 430 491 fatus,
457 435 651 481 meritos
677 436 766 481 aris
786 436 1016 482 mactavit
1040 437 1271 489 honores;

179 501 392 547 Taurum
417 501 643 562 Neptuno
663 519 674 555 ;
714 509 903 548 taurum
927 502 1029 558 tibi,
1058 502 1260 564 pulcher
1278 501 1457 564 Apollo
1480 520 1492 557 ;

180 567 375 630 Nigram
415 567 583 630 Hyemi
608 567 861 629 pecudem,
899 566 1136 631 Zephyris
1170 568 1386 615 felicibus
1428 570 1496 615 al-

314 634 439 680 barn.

245 701 390 747 Fama
410 700 552 756 volat,
571 700 763 762 pulsum
783 701 938 763 regnis
959 701 1157 747 cessisse
1175 701 1380 762 paternis
1401 708 1487 750 121

178 766 434 815 Idomenea
453 766 644 822 ducem,
683 767 963 830 desertaque
987 768 1147 814 littora
1172 769 1326 816 Cretae
1349 785 1361 822 ;

178 835 332 880 Hoste
353 849 522 880 vacare
547 832 738 907 domos,
766 835 999 897 sedesque
1024 842 1178 881 astare
1203 833 1408 880 relictas.

179 899 457 963 Linquimus
485 900 698 964 Ortygiae
735 908 920 962 portus,
948 901 1217 963 pelagoque
1243 899 1491 947 volamus·
1478 919 1492 957 ;

180 967 564 1029 Bacchatamque
594 966 725 1029 jugis
761 968 950 1025 Naxon,
994 967 1287 1029 viridemque
1328 968 1495 1013 Donu-

310 1049 425 1090 sam,

178 1100 403 1153 Olearon,
431 1099 709 1163 niveamque
726 1101 898 1157 Paron,
927 1115 1207 1162 sparsasque
1219 1115 1311 1173 ‘per
1328 1112 1490 1162 aequor

176 1166 432 1229 Cycladas,
460 1174 507 1213 et
531 1167 707 1214 crebris
726 1166 924 1241 legimus
949 1166 1069 1213 freta
1089 1167 1282 1213 concita
1307 1166 1460 1215 terris.

175 1233 411 1280 Nauticus
437 1234 647 1281 exoritur
672 1235 799 1280 vario
826 1234 1083 1280 certamine
1108 1233 1323 1287 clamor;

174 1300 436 1347 Hortantur
453 1299 585 1358 socii,
611 1302 805 1348 Cretam
830 1316 1129 1362 proavosque
1154 1307 1392 1361 petamus.

177 1366 489 1428 Prosequitur
514 1384 709 1429 surgens
735 1383 762 1413 a
781 1367 935 1429 puppi
963 1376 1127 1413 ventus
1152 1375 1333 1421 euntes,
1398 1373 1490 1415 130

173 1434 236 1480 Et
260 1433 450 1480 tandem
476 1434 680 1497 antiquis
707 1435 937 1481 Curetum
970 1433 1221 1479 allabimur
1245 1432 1355 1480 oris.

241 1499 368 1562 Ergo
389 1500 555 1547 avidus
581 1516 735 1546 muros
760 1508 939 1562 optatae
964 1500 1135 1547 molior
1155 1499 1301 1556 urbis,
1372 1501 1490 1563 [tem

175 1566 577 1628 Pergameamque
597 1583 748 1623 voco3
802 1575 850 1613 et
874 1568 1028 1613 laetam
1056 1568 1341 1628 cognomine
1375 1584 1489 1629 gen-

173 1632 354 1679 Hortor
378 1648 536 1680 amare
562 1633 714 1690 focos,
736 1649 993 1696 arcemque
1018 1634 1234 1680 attollere
1261 1634 1422 1680 tectis.

173 1700 373 1761 Jamque
399 1698 495 1746 fere
522 1700 650 1747 sicco
675 1700 924 1746 subductae
950 1699 1106 1746 littore
1131 1715 1321 1762 puppes
1343 1716 1355 1753 ;

176 1766 439 1812 Connubiis
465 1767 686 1828 arvisque
712 1766 843 1812 novis
870 1775 1063 1830 operata
1082 1767 1344 1827 juventus:

173 1833 288 1879 Jura
313 1832 578 1895 domosque
602 1833 802 1887 dabain3
841 1832 1000 1879 subito
1026 1833 1137 1878 cum
1164 1832 1327 1879 tabida
1344 1848 1490 1877 mem-

174 1900 414 1962 Corrupto
440 1900 545 1946 coeli
570 1908 741 1954 tractu,
769 1899 1131 1962 miserandaque
1157 1899 1287 1946 venit
1356 1899 1486 1962 [bris‚

175 1966 538 2028 Arboribusque
564 1966 774 2028 satisque
799 1966 916 2023 lues,
943 1973 990 2013 et
1015 1965 1168 2012 letifer
1191 1981 1360 2012 annus.

179 2033 489 2095 Linquebant
513 2033 680 2080 dulces
701 2032 897 2090 auimaS,
923 2041 1005 2079 aut
1022 2048 1147 2094 aegra
1168 2032 1421 2078 trahebant

175 2101 394 2160 Corpora
416 2116 427 2153 ;
466 2108 567 2146 tum
593 2100 774 2145 steriles
800 2115 994 2146 exurere
1021 2101 1164 2146 Sirius
1188 2114 1350 2160 agros;
1396 2106 1480 2145 141

174 2167 392 2214 Arebant
416 2165 592 2221 herbae,
619 2175 667 2213 et
692 2166 868 2212 victum
897 2182 1029 2228 seges
1056 2181 1177 2228 aegra
1196 2165 1418 2227 negabat.

176 2233 354 2278 Rursus
380 2231 440 2277 ad
458 2234 668 2278 oraclum
687 2233 904 2296 Ortygiae
916 2232 1248 2294 Phoebumque
1269 2247 1485 2277 remenso

177 2300 410 2345 Hortatur
433 2306 567 2359 pater
593 2299 657 2345 ire
684 2301 816 2355 mari,
845 2299 1122 2360 veniamque
1148 2299 1331 2361 precari
1353 2314 1364 2344 2

177 2367 334 2420 Quem
359 2364 491 2412 fessis
510 2364 649 2412 finem
679 2368 817 2412 rebus
842 2365 979 2421 ferat,
1007 2365 1128 2411 uude
1155 2365 1371 2411 laborum

175 2431 382 2478 Tentare
406 2432 627 2478 auxilium
647 2433 836 2494 jubeat,
865 2432 958 2494 quo
984 2439 1163 2478 vertere
1189 2447 1369 2478 cursus.

243 2498 351 2547 Nox
377 2508 490 2557 erat,
519 2508 565 2548 et
591 2501 723 2547 terris
748 2499 967 2546 animalia
993 2515 1182 2546 somnus
1210 2497 1452 2546 habebat:
