1586 2704
92 57 186 100 310
462 66 502 94 P.
528 63 751 95 v1no1L11
790 62 1028 93 MARoms

93 180 356 243 Corytique
380 178 509 224 leves
533 177 757 232 humeris,
783 185 831 224 et
855 177 1014 223 letifer
1039 192 1192 224 arcus.

93 247 204 295 Una
228 255 390 292 torvus
417 245 577 290 Abas:
614 242 727 289 huic
754 252 906 289 totum
932 242 1198 304 insignibus
1222 241 1363 293 armis

93 313 296 373 Agmen,
318 317 366 355 et
384 318 550 355 aurato
575 308 796 370 fulgebat
818 308 1045 369 Apolline
1070 307 1258 369 puppis.
1298 311 1383 357 171

96 378 366 423 Sexcentos
391 373 457 419 illi
484 373 685 420 dederat
713 372 981 433 Populonia
1004 383 1158 418 mater

95 442 339 502 Expertos
363 439 477 485 belli
500 442 735 501 juvenes:
773 448 844 482 ast
870 437 971 482 Ilva
995 447 1257 491 trecentos,

94 506 258 554 Insula
280 505 578 550 inexhaustis
605 503 879 563 Chalybum
907 518 1140 563 generosa
1164 502 1382 548 metallis.

95 568 647 624 Tertius‚illehominum
661 566 1390 630 DivumqueinterpresAsylas,

97 636 186 683 Cui
211 633 453 697 pecudum
477 633 624 684 fibrae,
651 631 761 678 coeli
789 631 867 677 cui
892 631 1050 677 sidera
1073 643 1257 693 parent,

97 702 160 747 Et
185 701 360 761 linguae
384 698 651 751 volucrum,
678 705 727 743 et
750 697 952 758 praesagi
977 696 1188 742 fulminis
1213 697 1378 759 ignes;

96 765 236 812 Mille
260 764 383 826 rapit
409 763 582 809 densos
599 761 720 817 acie,
738 771 884 823 atque
902 762 1206 807 horrentibus
1222 762 1386 808 hastis,

98 832 204 876 Hos
227 845 397 891 parere
418 829 591 890 jubent
617 826 820 888 Alpheae
846 828 902 873 ab
930 827 1113 888 origine
1141 827 1277 881 Pisae,

103 897 226 943 Urbs
242 894 447 940 Etrusca
462 893 580 938 solo.
622 892 846 954 Sequitur
862 891 1212 953 pulcherrimus
1228 893 1391 945 Astur,

99 963 242 1008 Astur
267 975 392 1021 equo
417 958 568 1004 fidens
594 966 641 1004 et
665 956 1034 1003 versicoloribus
1059 957 1214 1003 armis.
1304 963 1388 1006 181

100 1026 393 1071 Tercentum
405 1023 792 1085 adjiciunt(mens
804 1022 1022 1067 omnibus
1036 1025 1393 1096 unasequendi)

101 1090 194 1142 Qui
222 1091 407 1137 Caerete
433 1089 591 1139 domo,
620 1087 700 1149 qui
725 1096 834 1133 sunt
860 1086 1124 1133 Minionis
1113 1104 1157 1132 in
1185 1088 1334 1144 arvis;

101 1156 164 1202 Et
189 1154 335 1217 Pyrgi
358 1163 563 1208 veteres,
586 1152 981 1214 intempestaeque
1008 1152 1266 1200 Graviscae.

167 1221 275 1267 Non
302 1234 393 1280 ego
419 1227 484 1270 te,
509 1218 744 1279 Ligurum
771 1217 944 1263 ductor
967 1216 1224 1265 fortissime
1249 1219 1395 1274 bello,

104 1284 408 1338 Transierim‚
435 1283 555 1344 Ciny
561 1299 640 1338 ra;
664 1291 711 1328 et
735 1282 903 1343 paucis
929 1282 1156 1328 comitate
1183 1284 1396 1346 Cupavo,

105 1351 254 1412 Cujus
280 1348 474 1394 olorinae
498 1357 701 1410 surgunt
728 1348 787 1393 de
812 1346 996 1395 vertice
1021 1364 1205 1410 pennae.
1264 1350 1397 1409 [nae.)

105 1415 316 1477 (Crimen
341 1429 473 1460 amor
491 1415 718 1467 vestrum,
743 1412 1006 1475 formaeque
1031 1413 1215 1475 insigne
1239 1425 1398 1477 pater-

161 1481 381 1541 Namque
393 1479 553 1525 ferunt
564 1479 701 1524 luctu
715 1478 933 1540 Cycnum
948 1477 1226 1525 Phaetontis
1239 1480 1398 1533 amati,

107 1545 349 1607 Populeas
369 1543 493 1589 inter
510 1543 707 1589 frondes
728 1544 1043 1605 umbramque
1064 1559 1278 1590 sororum
1308 1549 1401 1594 190

106 1610 236 1657 Dum
263 1609 405 1664 canit,
431 1617 480 1654 et
503 1618 727 1655 moestum
754 1610 885 1654 musa
910 1610 1092 1655 solatur
1117 1626 1344 1666 amorem,

109 1677 375 1723 Canentem
398 1673 530 1719 molli
555 1674 720 1736 pluma
744 1673 939 1719 duxisse
964 1684 1226 1729 senectam,

107 1740 429 1802 Linquentem
454 1748 621 1794 terras.
649 1749 696 1785 et
721 1738 878 1785 sidera
900 1755 1020 1785 voce
1046 1749 1343 1801 sequentem.

108 1805 255 1852 Filius
279 1803 487 1866 aequales
513 1804 768 1850 comitatus
795 1804 947 1849 classe
973 1814 1207 1858 catervas,

108 1872 361 1932 Ingentem
388 1868 530 1915 remis
558 1870 851 1916 Centaurum
878 1879 1158 1930 promovet:
1192 1869 1273 1915 ille

109 1937 263 1982 Instat
287 1950 436 1995 aquae,
462 1950 730 1995 saxumque
757 1933 930 1979 undis
920 1949 1123 1980 immane
1148 1935 1353 1981 minatur

112 2001 323 2055 Arduus,
350 2009 398 2045 et
422 1999 567 2061 longa
591 1999 747 2045 sulcat
771 1998 917 2045 maria
941 1999 1036 2044 alta
1061 1999 1236 2046 carina.

176 2065 264 2112 Ille
290 2064 432 2110 etiam
459 2064 622 2126 patriis
649 2080 822 2123 agmen
849 2063 944 2110 ciet
972 2064 1138 2110 Ocnus
1163 2065 1221 2110 ab
1249 2065 1358 2119 oris,

113 2129 341 2178 Fatidicae
367 2129 564 2175 Mantus
591 2138 639 2175 et
666 2129 809 2175 Tusci
835 2129 958 2174 filius
983 2129 1146 2184 amnis,
1314 2135 1404 2178 199

114 2195 208 2248 Qui
234 2210 392 2240 muros
417 2194 678 2256 matrisque
699 2194 832 2240 dedit
852 2194 951 2248 tibi,
974 2194 1190 2249 Mantua,
1206 2211 1405 2249 nomen;

114 2261 339 2312 Mantua,
352 2258 482 2304 dives
496 2259 607 2314 avis,
625 2259 710 2304 sed
728 2275 821 2304 non
839 2275 990 2320 genus
1009 2260 1226 2305 omnibus
1246 2277 1404 2308 unuin.

117 2325 249 2372 Gens
273 2323 339 2369 illi
364 2323 556 2385 triplex,
582 2323 745 2385 populi
772 2325 859 2370 sub
886 2333 1029 2384 gente
1056 2325 1288 2386 quaterni,

117 2391 229 2453 Ipsa
253 2398 399 2452 caput
423 2389 643 2450 populis;
682 2389 843 2435 Tusco
869 2389 929 2435 de
954 2389 1186 2452 sanguine
1211 2389 1350 2437 vires.
