1586 2704
165 121 261 162 :324
499 124 526 157 P
586 121 827 156 virzcimr
871 121 1133 155 MAnoxrs

166 238 405 299 Conjicit:
444 238 519 285 ina
545 238 658 287 dato
681 239 819 286 vertit
843 238 1038 299 vestigia
1059 247 1207 300 tergo.

162 304 289 350 Tum
317 304 426 351 vero
452 306 628 352 AEnean
653 321 864 350 aversum
895 316 943 351 ut
970 304 1139 351 cedere
1163 306 1348 351 Turnus

165 370 398 427 Credidit,
430 380 572 432 atque
597 371 752 416 animo
778 387 909 434 spem
937 370 1150 417 turbidus
1177 371 1327 417 hausit
1359 370 1457 417 ina·

295 452 398 483 neni
423 454 434 485 ε

165 500 276 554 Quo
302 501 441 563 sugis,
466 503 643 549 AEnea'?
676 502 905 548 thalamos
930 516 984 546 ne
1010 501 1169 548 desere
1194 510 1391 564 pactos:

165 567 269 613 Hac
292 568 483 613 dabitur
507 568 670 613 dextr-<⁴1
694 567 831 613 tellus
850 567 1048 626 quaesita
1074 584 1157 629 per
1183 564 1459 615 undas.650

162 632 298 678 'rania
321 634 583 680 vociferans
609 633 837 694 sequitur,
863 632 1166 693 strictumque
1189 641 1406 679 coruscat

163 698 472 752 Mucronem;
512 713 597 744 nec
624 698 744 744 ferre
771 698 897 743 videt
923 713 1004 743 sua
1031 697 1201 761 gaudia
1228 708 1411 745 ventOS.

228 764 366 810 Forte
393 765 519 820 ratis,
546 764 657 810 celsi
687 762 946 824 conjuncta
974 764 1210 824 crepidine
1236 764 1351 821 saxi,

161 829 401 890 Expositis
427 831 580 874 stabat
605 829 743 875 scalis
769 840 814 875 et
839 836 985 890 ponte
1010 837 1193 890 parato,

164 896 271 948 Qua
298 911 375 940 rex
401 895 600 942 Clusinis
624 896 851 942 advectus
875 894 1067 941 Osinius
1094 896 1202 941 oris.

163 960 273 1006 Huc
301 977 402 1006 sese
430 961 613 1023 trepida
638 962 794 1007 AEueae
819 960 1043 1022 fugientis
1069 961 1226 1022 imago

163 1027 372 1087 Conjicit
399 1027 443 1072 in
470 1027 700 1072 latebras:
739 1043 825 1073 nec
849 1028 1041 1073 Turnus
1069 1030 1256 1084 segnior
1281 1024 1441 1084 instat,

161 1091 523 1153 Exsuperatque
546 1108 716 1148 moras,
742 1101 787 1138 et
811 1101 979 1154 pontes
1004 1093 1204 1138 transilit
1226 1092 1365 1138 altos.

161 1157 250 1203 Vix
278 1174 458 1218 proram
487 1159 741 1219 attigerat:
776 1158 952 1219 rumpit
977 1159 1195 1205 Saturnia
1221 1157 1399 1213 funem,

162 1223 483 1285 Avulsanique
509 1225 631 1285 rapit
656 1224 867 1270 revoluta
894 1239 976 1285 per
1000 1240 1194 1284 aequora
1218 1238 1408 1269 navem.

161 1286 300 1335 Illum
325 1299 483 1335 autem
511 1290 675 1335 AEneas
700 1290 941 1336 absentem
969 1290 1014 1334 in
1042 1290 1203 1350 praelia
1227 1290 1381 1350 poscit
1405 1304 1418 1343 ;

160 1353 319 1401 Obvia
346 1357 489 1401 muita
518 1355 665 1402 virum
702 1355 909 1401 demittit
935 1371 1132 1417 corpora
1159 1355 1310 1401 morti.
1368 1352 1463 1405 662

161 1418 303 1467 Tunc
329 1421 444 1467 levis
462 1421 586 1467 haud
611 1421 732 1467 ultra
756 1421 957 1467 latebras
976 1421 1076 1482 jam
1095 1422 1266 1483 quaerit
1292 1421 1446 1482 imago

162 1485 257 1532 Sed
283 1487 481 1533 sublime
506 1488 669 1532 volans
693 1486 807 1533 nubi
833 1503 880 1532 se
905 1487 1163 1534 immiscuit
1186 1495 1331 1534 atrae:

163 1551 285 1598 Cum
310 1553 528 1599 Turnum
555 1553 712 1599 medio
736 1553 915 1599 interea
942 1553 1033 1599 fert
1058 1569 1247 1614 aequore
1273 1555 1431 1599 turbo,

162 1616 375 1678 Respicit
401 1618 587 1679 ignarus
619 1634 789 1675 rerum,
813 1619 1120 1679 ingratusque
1145 1619 1333 1672 salutis:

162 1682 225 1728 Et
249 1683 462 1744 duplices
488 1700 593 1730 cum
622 1700 738 1729 voce
766 1700 930 1730 manus
951 1685 1012 1730 ad
1041 1683 1195 1731 sidera
1218 1684 1397 1731 tendit:

162 1746 478 1810 Omnipotens
503 1749 701 1811 genitor,
727 1748 908 1794 tanton'
941 1766 1015 1796 me
1051 1751 1243 1797 crimine
1268 1750 1460 1811 dignum

162 1813 388 1861 Duxisti?
424 1824 467 1860 et
488 1816 613 1861 tales
639 1815 829 1861 voluisti
856 1815 1121 1877 expendere
1148 1816 1347 1877 poenas'!

161 1878 275 1933 Quo
301 1880 469 1927 feror?
518 1881 642 1927 unde
683 1881 815 1928 abiit
852 1897 960 1943 quae
993 1898 1066 1927 me
1107 1881 1234 1944 fuga,
1262 1897 1463 1944 quemve

293 1947 521 1994 reducet?
1367 1946 1463 2003 670

161 2011 479 2059 Laurentesne
505 2013 667 2059 iterum
697 2030 853 2060 muros
878 2023 957 2061 aut
978 2021 1130 2061 castra
1151 2013 1365 2062 videbo}

162 2078 290 2130 Quid
312 2095 476 2124 manus
493 2079 567 2124 illa
580 2079 1130 2142 virfin1‚quirnemeaque
1143 2096 1268 2126 arma
1285 2080 1464 2127 secuti?

164 2144 408 2204 Quosque,
446 2145 592 2202 nefas,
617 2161 778 2191 omnes
804 2146 999 2192 infanda
1021 2148 1063 2191 in
1090 2155 1237 2192 morte
1265 2147 1429 2209 reiiqui

162 2208 221 2255 Et
245 2223 370 2256 nunc
395 2211 606 2272 palantes
629 2213 783 2267 video,
808 2214 1128 2274 gemitumque
1154 2212 1411 2259 cadentum

162 2275 382 2336 Accipio.
453 2277 580 2330 Quid
608 2277 782 2340 agam?
824 2286 906 2324 aut
947 2295 1053 2341 quae
1084 2276 1187 2340 jam
1231 2278 1347 2325 satis
1372 2278 1464 2326 ima

291 2340 505 2387 dehiscat

162 2406 309 2454 Terra
334 2406 448 2453 mihi
467 2408 486 2452 ’ἔ
523 2424 604 2454 vos
630 2425 658 2454 o
683 2409 840 2473 potius
865 2411 1169 2468 miserescite,
1195 2411 1353 2458 venti:

150 2472 217 2528 ,ln
242 2488 396 2536 rupes,
421 2473 467 2519 in
494 2489 620 2533 saxa,
646 2478 808 2524 volens
835 2493 917 2523 vos
947 2478 1142 2526 Turnus
1167 2477 1329 2537 adoro¹
