1546 2686
94 59 158 109 98
449 67 501 99 P.
527 65 780 101 VIRGlLlI
823 66 1086 101 MARONIS

93 184 203 239 Qua
226 183 337 230 data
357 192 512 246 porta,
539 192 694 239 ruunt,
721 192 769 231 et
789 191 936 232 terras
963 184 1149 231 turbine
1177 182 1395 247 perflant.

91 250 362 296 Incubuere
387 252 517 307 mari,
544 259 795 315 totumque
814 268 843 297 a
867 251 1062 299 sedibus
1087 251 1189 297 imis

91 315 198 364 Una
210 318 461 379 Eurusque
487 319 738 381 Notusque
759 326 918 374 ruunt,
946 318 1208 379 creberque
1228 317 1418 379 procel-

91 382 300 438 AfricuS,
326 392 374 430 et
398 393 553 430 vastos
580 387 781 431 volvunt
805 384 866 430 ad
891 386 1049 432 littora
1073 385 1267 431 fluctus.
1339 384 1417 445 [lis

91 450 362 512 Insequitur
383 451 659 512 clamorque
679 451 846 506 virum,
871 450 1143 511 stridorque
1154 451 1420 497 rudentum.

91 516 315 578 Eripiunt
339 516 498 563 subito
519 518 669 563 nubes
695 517 982 578 coelumque,
1010 516 1251 579 diemque,

89 583 383 629 Teucrorum
409 600 467 629 ex
493 583 640 629 oculis
661 599 672 628 :
711 590 859 644 ponto
884 599 978 629 nox
1003 583 1203 630 incubat
1234 591 1351 629 atra.

93 648 349 696 Intonuere
372 648 490 710 poli,
518 657 565 695 et
586 649 763 696 crebris
785 649 928 695 micat
945 649 1135 709 ignibus
1155 650 1333 706 aether;
1355 655 1419 704 90

89 714 479 777 Praesenteinque
504 715 610 761 viris
636 716 870 762 intentant
893 715 1052 761 omnia
1069 724 1286 761 mortem.

79 829 85 834 ,
159 781 412 843 Extemplo
437 784 598 828 AEneae
623 782 871 829 solvuntur
893 780 1067 844 frigore
1091 782 1319 828 membra.

92 848 315 909 Ingemit,
336 855 383 895 et
408 847 626 911 duplices
651 848 853 895 tendens
872 847 932 894 ad
959 848 1112 894 sidera
1136 848 1334 909 palmas,

90 913 226 960 Talia
247 930 365 961 voce
390 913 531 962 refert
550 932 562 962 ι
603 915 647 961 Ο
674 924 837 976 terque
860 923 1123 977 quaterque
1145 914 1286 971 beati,

93 980 240 1035 Queis
266 988 374 1027 ante
397 997 481 1027 ora
505 989 712 1043 patrum,
737 981 900 1043 Trojae
921 982 1009 1028 sub
1035 981 1271 1027 moenibus
1296 980 1417 1037 altis,

93 1046 304 1108 Contigit
331 1055 559 1109 oppetere
582 1049 592 1095 !
632 1052 660 1095 ὂ
689 1049 907 1096 Danaum
933 1047 1188 1094 fortissime
1212 1048 1384 1110 gentis,

91 1112 304 1176 Tydide,
333 1130 467 1161 mene
484 1115 640 1161 Iliacis
661 1115 948 1162 occumbere
974 1114 1157 1176 campis

92 1179 203 1226 Non
244 1181 475 1242 potuisse,
519 1181 700 1244 tuaque
732 1182 935 1228 animam
999 1181 1121 1227 hanc
1176 1179 1419 1226 effundere

226 1247 391 1293 dextra
413 1249 423 1294 !

92 1314 258 1360 Saevus
285 1313 367 1359 ubi
394 1313 486 1360 telo
513 1313 723 1360 AEacidae
740 1314 872 1376 jacet
898 1315 1098 1370 Hector,
1141 1312 1223 1360 ubi
1259 1313 1419 1374 ingens

92 1378 343 1441 Sarpedon
365 1398 376 1435 ;
418 1380 500 1426 ubi
526 1388 597 1426 tot
623 1381 794 1427 Simois
820 1388 1040 1443 correpta
1060 1380 1146 1427 sub
1169 1380 1304 1426 undis
1330 1387 1420 1427 100

92 1446 240 1492 Scuta
266 1446 433 1502 virum,
460 1446 731 1509 galeasque,
758 1455 807 1494 et
830 1447 970 1494 fortia
996 1463 1199 1509 corpora
1223 1446 1386 1494 volvit.

156 1513 291 1559 Talia
308 1512 517 1573 jactanti
544 1513 745 1560 stridens
770 1514 1012 1575 Aquilone
1037 1513 1243 1575 procella

90 1579 260 1625 Velum
283 1579 484 1625 adversa
507 1578 635 1636 ferit,
663 1579 937 1643 fluctusque
962 1580 1023 1627 ad
1049 1580 1200 1626 sidera
1227 1579 1369 1627 tollit.

91 1645 389 1708 Franguntur
407 1647 521 1692 remi
542 1662 553 1692 z
591 1654 692 1692 tum
718 1662 857 1709 prora
878 1647 1062 1702 avertit,
1088 1654 1133 1692 et
1149 1646 1287 1694 undis

94 1712 188 1758 Dat
212 1713 334 1759 latus
355 1729 367 1759 ε
421 1711 687 1776 insequitur
726 1713 917 1760 cumulo
965 1720 1236 1776 praeruptus
1279 1729 1417 1775 aquae

222 1795 375 1827 mons.

90 1843 154 1891 Hi
174 1861 358 1892 summo
378 1845 424 1892 in
449 1844 599 1892 fluctu
625 1844 851 1909 pendent,
878 1845 947 1892 his
973 1844 1099 1892 unda
1136 1844 1383 1892 dehiscens

88 1910 286 1959 Terram
312 1913 432 1960 inter
456 1911 629 1959 fluctus
656 1912 806 1975 aperit
827 1929 838 1966 ;
875 1911 987 1959 furit
1011 1919 1154 1958 aestus
1177 1911 1348 1958 arenis.

88 1977 206 2024 Tres
230 1979 386 2026 Notus
411 1979 637 2041 abreptas
663 1979 710 2025 in
737 1995 848 2025 saxa
871 1979 1066 2025 latentia
1089 1987 1314 2040 torquet;

89 2044 216 2091 Saxa
237 2053 411 2092 vocant
435 2046 561 2101 Itali,
584 2045 749 2092 mediis
771 2062 880 2108 quae
898 2045 945 2091 in
970 2044 1357 2101 fiuctibus‚Aras,

89 2111 298 2157 Dorsum
325 2113 530 2159 immane
571 2114 686 2158 mari
725 2129 927 2159 summO.
996 2112 1115 2158 Tres
1158 2113 1311 2158 Eurus
1353 2113 1415 2158 ab

87 2174 147 2223 In
175 2177 331 2225 brevia
354 2186 402 2225 et
426 2186 581 2241 syrtes
607 2187 758 2240 urget,
780 2178 1044 2225 miserabile
1070 2178 1172 2224 visu
1194 2194 1206 2233 ;
1293 2179 1415 2241 [alto

87 2242 334 2305 Illiditque
360 2245 514 2301 vadis,
541 2253 688 2306 atque
713 2261 879 2308 aggere
904 2244 1051 2307 cingit
1075 2261 1246 2291 arenae.
1323 2253 1413 2295 112

83 2311 256 2368 Unam,
284 2330 393 2376 quae
417 2313 590 2375 Lycios
616 2310 864 2374 fidumque
883 2311 1088 2358 vehebat
1109 2312 1356 2370 Orontem,

82 2379 241 2440 Ipsius
262 2389 371 2427 aute
395 2380 562 2428 oculos
594 2378 758 2441 ingens
784 2395 812 2425 a
841 2378 1015 2425 vertice
1040 2387 1213 2439 pontus

82 2445 135 2491 In
162 2446 362 2508 puppim
389 2447 523 2494 ferit:
562 2447 821 2502 excutitur,
848 2460 1124 2507 pronusque
1158 2443 1380 2505 magister

83 2513 300 2562 Volvitur
323 2513 368 2560 in
395 2521 572 2579 caput:
610 2522 684 2562 ast
707 2513 839 2560 illam
863 2520 935 2559 ter
957 2509 1130 2558 fluctus
1150 2509 1330 2557 ibidem
1404 2527 1408 2531 ·
