1607 2700
655 93 893 126 AENEIDOS
958 91 1066 125 ιιΒ.
1105 91 1181 125 iv.
1430 86 1508 126 163

204 214 331 263 Hinc
356 212 545 263 Gaetulae
571 211 728 266 urbes,
755 227 901 272 genus
926 210 1245 276 insuperabile
1270 209 1409 265 bello,
1450 217 1514 256 40

206 284 264 328 Et
292 278 516 330 Numidae
541 276 725 323 infraeni
751 279 960 335 cingunt,
987 287 1032 325 et
1058 278 1300 340 inhospita
1325 275 1476 339 Syrtis
1498 293 1512 331 ;

206 349 329 394 Hinc
354 346 542 393 deserta
567 344 641 389 siti
666 344 813 404 regio,
840 344 1031 405 lateque
1053 346 1263 392 furentes

209 413 404 460 Barcaei.
476 410 605 465 Quid
635 410 757 456 bella
781 411 915 473 Tyro
939 411 1176 475 surgentia
1211 409 1385 466 dicam,

206 478 531 539 Germanique
557 477 705 523 minas
726 478 745 523 3

208 547 295 591 Dis
321 543 546 606 equidem
572 544 849 606 auspicibus
867 560 990 602 reor,
1011 552 1056 591 et
1080 545 1266 592 Junone
1287 539 1520 598 secunda,

207 612 316 657 Huc
343 627 536 657 cursum
553 610 722 657 Iliacas
746 619 890 657 vento
906 612 1115 658 tenuisse
1135 609 1336 657 carinas.
1357 609 1520 670 [regna
1543 618 1550 627 ·

206 679 360 731 Quam
381 686 432 723 tu
454 677 634 731 urbem,
657 694 805 733 soror,
831 677 952 725 hanc
970 678 1164 725 cernes!
1204 691 1313 738 quae
1333 689 1522 734 surgere

208 744 446 804 Conjugio
472 744 577 790 tali!
616 745 860 791 Teucrum
887 743 1223 791 comitantibus
1243 741 1402 795 armis,

205 809 383 857 Punica
408 827 457 857 se
483 811 670 872 quantis
690 812 876 857 attollet
901 811 1050 873 gloria
1072 811 1211 856 rebus
1234 809 1244 855 !

206 877 284 922 Tu
303 877 448 923 modo
469 893 615 939 posce
637 879 766 924 Deos
787 878 988 932 veniam,
1017 877 1259 937 sacrisque
1276 872 1439 929 litatis,
1463 880 1523 921 50

207 942 408 1005 Indulge
433 943 657 1005 hospitio,
685 961 950 1006 causasque
975 945 1165 990 innecte
1187 939 1434 996 morandi;

209 1010 336 1055 Dum
363 1010 530 1072 pelago
556 1009 760 1057 desaevit
787 1011 967 1074 hyems,
991 1019 1037 1056 et
1056 1025 1265 1070 aquosus
1290 1007 1458 1063 Orion,

210 1076 560 1137 Quassataeque
586 1085 728 1133 rates,
765 1077 879 1123 dum
906 1094 999 1123 non
1027 1075 1273 1123 tractabile
1300 1073 1492 1120 coelum.

277 1143 363 1188 His
382 1142 778 1190 dictisineensum
798 1144 1005 1190 animum
1022 1141 1327 1189 inflammavit
1347 1156 1525 1195 amore,

210 1210 453 1271 Spemque
478 1209 610 1255 dedit
637 1210 797 1256 dubiae
818 1211 981 1267 menti,
1009 1209 1248 1270 solvitque
1273 1206 1525 1269 pudorem.

277 1276 522 1340 Principio
544 1275 744 1323 delubra
781 1277 975 1333 adeunt,
1020 1292 1289 1339 pacemque
1316 1289 1399 1334 per
1423 1288 1527 1318 aras

215 1343 480 1404 Exquirunt
507 1359 518 1389 :
558 1352 770 1389 mactant
794 1342 944 1389 lectas
970 1343 1030 1389 de
1056 1358 1184 1388 more
1213 1340 1429 1386 bidentes

215 1408 446 1469 Legiferae
467 1409 643 1465 Cereri,
671 1409 968 1471 Phoeboque,
996 1407 1217 1470 patrique
1252 1408 1426 1470 Lyae03

211 1475 389 1521 Junoni
412 1484 521 1522 ante
545 1492 722 1531 omnes,
750 1476 828 1521 cui
853 1476 1010 1522 vincla
1027 1475 1214 1537 jugalia
1238 1488 1382 1521 curae.

214 1541 325 1603 Ipsa
351 1550 514 1588 tenens
539 1541 708 1589 dextra
721 1552 936 1605 pateram
964 1541 1280 1603 pulcherrima
1303 1539 1445 1596 Dido,
1464 1538 1528 1586 60

214 1608 477 1656 Candentis
503 1624 662 1654 vaccae
686 1609 843 1654 media
868 1608 991 1655 inter
1015 1624 1194 1654 cornua
1219 1607 1375 1653 fundit
1397 1625 1409 1662 ;

211 1678 308 1720 Aut
333 1683 440 1722 ante
465 1691 547 1721 ora
574 1676 726 1722 Det'im
754 1676 954 1737 pingues
977 1675 1209 1737 spatiatur
1231 1674 1290 1720 ad
1317 1689 1438 1728 aras,

213 1742 547 1805 Instauratque
571 1741 696 1788 diem
723 1742 877 1800 donis,
903 1741 1240 1804 pecudumque
1264 1740 1461 1787 reclusis

213 1808 494 1856 Pectoribus
520 1808 721 1865 inhians,
748 1810 981 1871 spirantia
1007 1809 1210 1854 consulit
1235 1817 1361 1854 exta.

213 1876 320 1921 Heu
339 1883 496 1922 vatum
526 1876 699 1936 ignarae
725 1876 938 1922 mentes!
977 1876 1091 1935 quid
1121 1884 1231 1920 vota
1255 1874 1507 1928 furentem,

214 1941 343 1996 Quid
368 1942 567 1988 delubra
584 1941 792 2003 juvant?
828 1949 899 1988 est
919 1941 1070 1986 mollis
1092 1941 1281 1987 flamma
1300 1939 1528 1987 medullas

214 2011 418 2064 Interea,
446 2017 493 2056 et
519 2010 718 2055 tacitum
740 2008 857 2055 vivit
877 2008 965 2054 sub
992 2017 1186 2070 pectore
1212 2008 1394 2055 vulnus.

215 2076 380 2124 Uritur
415 2075 571 2122 infelix
599 2076 746 2131 Did0‚
769 2076 970 2137 totaque
989 2083 1186 2136 vagatur

214 2143 346 2190 Urbe
373 2143 562 2189 furens:
601 2142 755 2204 qualis
781 2142 1005 2201 conjecta
1030 2157 1171 2187 cerva
1196 2140 1390 2202 sagitta,

216 2211 370 2264 Quam
397 2209 567 2271 procul
592 2209 830 2255 incautam
858 2224 1047 2254 nemora
1069 2208 1190 2254 inter
1215 2208 1403 2254 Cressia
1425 2207 1527 2254 fixit

214 2276 384 2323 Pastor
408 2292 552 2339 agens
579 2276 941 2338 telis‚liquitque
962 2275 1154 2321 volatile
1179 2275 1351 2321 ferrum
1465 2283 1519 2328 71

216 2342 455 2397 Nescius;
490 2343 567 2389 illa
588 2343 697 2405 fuga
723 2344 860 2388 silvas
886 2343 1128 2403 saltusque
1153 2351 1373 2403 peragrat

217 2409 457 2464 Dictaeos;
495 2409 645 2457 haeret
671 2408 804 2455 lateri
828 2408 984 2456 letalis
1009 2408 1210 2454 arundo.

217 2476 360 2523 Nunc
385 2474 539 2523 media
563 2477 760 2524 AEneam
781 2492 942 2523 secum
970 2492 1053 2538 per
1079 2475 1249 2522 nioenia
1275 2474 1425 2520 ducit.
