1607 2700
580 101 837 135 AENEmos
877 102 987 136 Llss.
1028 101 1104 136 1x.
1400 95 1496 146 295

185 216 329 264 Hunc
355 232 443 278 ego
470 223 533 272 te,
562 216 780 279 Euryale,
807 216 1023 278 aspicio?
1051 226 1160 262 tune
1187 216 1264 263 illa
1292 225 1495 264 senectae

184 282 298 329 Sera
322 298 437 329 meae
464 280 670 343 requies,
698 283 893 342 potuisti
920 282 1132 343 linquere
1158 283 1323 336 solam,

185 347 447 395 Crudelis3
482 363 568 393 nec
596 355 642 393 te
669 348 760 394 sub
786 357 918 394 tanta
946 348 1154 409 pericula
1182 349 1373 395 missurn

183 413 335 461 Affari
360 413 622 460 extremum
650 413 830 460 miserae
856 413 967 460 dat-a
994 413 1133 475 copia
1160 415 1336 461 matri?

183 480 323 526 Heu!
360 479 483 526 terra
506 480 686 541 ignota,
714 481 913 527 canibus
941 479 1053 526 data
1079 479 1241 541 praeda
1268 479 1451 526 Latinis

181 544 509 607 Alitibusque,
528 544 696 605 jaces!
739 547 832 592 nec'
855 556 902 592 te
928 553 1007 592 tua
1036 545 1200 591 funera
1228 555 1375 591 mater

182 610 412 667 Produxi,
440 610 649 673 pressive
676 612 858 669 oculos,
885 621 968 658 aut
994 612 1186 657 vulnera
1212 610 1322 666 lavi,

180 675 328 723 Veste
354 685 546 739 tegens;
586 676 671 723 tibi
701 693 840 739 quam
868 686 1035 724 noctes
1062 676 1236 723 festina
1260 676 1460 737 diesque

180 741 440 803 Urgebam,
467 753 516 790 et
541 742 634 789 tel-a
661 760 799 789 curas
824 743 1016 790 solabar
1039 743 1200 789 aniles.
1368 742 1495 804 [bra,

181 807 292 861 Quo
317 807 521 871 sequar?
547 816 628 854 aut
650 824 757 870 quae
779 826 905 856 nunc
922 816 1053 855 artus
1069 810 1331 869 avulsaque
1351 823 1496 852 mem·

179 873 244 920 Et
260 872 397 920 funus
412 875 621 921 lacerum
641 875 780 921 tellus
798 875 946 922 habet
961 875 980 922 ’ξ
998 876 1088 921 hoc
1107 874 1219 920 mihi
1235 875 1294 920 de
1313 883 1377 930 te,
1396 879 1485 929 491

179 938 326 996 Nate,
351 940 531 987 refers?
567 941 658 987 hoc
683 957 784 987 sum
811 943 1028 1003 terraque
1057 940 1266 1001 marique
1294 939 1496 985 secuta?

179 1005 332 1067 Figite
357 1022 450 1064 me,
474 1006 511 1052 si
540 1022 633 1066 qua
655 1015 727 1052 est
753 1007 920 1068 pietas,
948 1008 993 1052 in
1022 1023 1093 1053 me
1119 1005 1280 1052 omnia
1304 1005 1395 1050 tela
1460 1048 1463 1051 ,

179 1070 442 1132 Conjicite‚
468 1089 496 1118 ο
523 1072 721 1125 Rutuli;
760 1090 834 1118 me
861 1073 1064 1134 primam
1091 1073 1324 1118 absumite
1351 1071 1494 1117 ferro.

177 1138 279 1183 Aut
305 1144 374 1194 tu,
402 1154 570 1199 magne
594 1146 732 1199 pater
758 1138 955 1196 Divum,
983 1138 1220 1194 miserere,
1247 1147 1428 1198 tuoque

177 1201 389 1249 Invisum
420 1204 508 1249 hoc
536 1203 734 1250 detrude
763 1214 909 1267 caput
935 1205 1025 1251 sub
1050 1205 1254 1250 Tartara
1281 1204 1405 1250 telo:

181 1269 391 1322 Quando
410 1269 544 1315 aliter
563 1286 746 1331 nequeo
763 1271 1006 1316 crudelem
1026 1271 1307 1332 abrumpere
1330 1270 1493 1316 vitam.

180 1335 290 1382 Hoc
315 1334 428 1381 fletu
455 1338 674 1382 concussi
698 1337 861 1394 animi,
887 1345 1177 1399 moestusque
1204 1352 1284 1397 per
1308 1352 1473 1382 omnes

179 1399 227 1446 It
251 1400 483 1461 gemitus;
524 1409 714 1461 torpent
738 1402 953 1450 infractae
980 1403 1038 1449 ad
1068 1403 1231 1466 praelia
1257 1402 1393 1450 vireS.

178 1465 316 1513 Illam
342 1465 674 1514 incendentem
699 1467 859 1515 luctus
886 1469 1045 1516 ldaeus
1068 1478 1112 1516 et
1139 1473 1307 1525 Actor,
1400 1475 1496 1516 500

180 1532 350 1579 Ilionei
374 1533 555 1579 monitu
581 1542 629 1580 et
654 1533 855 1580 multum
880 1534 1186 1597 lacrymantis
1214 1536 1322 1591 liili,

180 1599 475 1661 Corripiunt,
500 1599 718 1660 interque
745 1616 911 1647 manus
937 1601 1027 1647 sub
1054 1609 1174 1647 tecta
1201 1608 1453 1659 reponunt.

245 1666 311 1711 At
336 1665 452 1711 tuba
479 1665 739 1711 terribilem
770 1667 976 1713 sonitum
1005 1667 1172 1728 procul
1198 1683 1291 1713 aere
1317 1682 1494 1713 canoro

178 1730 456 1792 Increpuit:
493 1731 703 1792 sequitur
728 1732 927 1790 clamor,
953 1734 1222 1794 coelumque
1250 1733 1470 1795 remugit.

179 1796 463 1843 Accelerant
485 1798 594 1844 acta
619 1798 796 1858 pariter
822 1799 1059 1844 testudine
1088 1799 1264 1855 Volsci,

179 1863 244 1909 Et
268 1861 420 1908 fossas
446 1864 640 1926 implere
666 1875 852 1925 parant,
879 1881 934 1910 ac
965 1866 1135 1911 vellere
1164 1866 1356 1911 vallum.

180 1929 418 1981 Quaerunt
435 1944 541 1990 pars
566 1929 766 1986 aditum,
782 1942 827 1977 et
854 1931 992 1976 scalis
1015 1931 1273 1977 ascendere
1300 1946 1491 1983 muros:

180 1993 289 2047 Qua
314 2010 418 2040 rara
443 2005 513 2042 est
536 1996 676 2051 acieS,
703 1996 1056 2058 interlucetque
1083 2014 1256 2043 corona

179 2060 292 2106 Non
318 2069 411 2107 tam
436 2061 587 2120 spissa
608 2062 732 2108 viris.
801 2062 1023 2108 Telorum
1052 2063 1298 2109 effundere
1325 2059 1491 2108 contra

182 2124 338 2172 Omne
362 2143 511 2188 genus
536 2128 734 2185 Teucri,
759 2144 813 2174 ac
840 2128 972 2174 duris
996 2128 1252 2175 detrudere
1279 2129 1452 2183 contis,

182 2193 373 2239 Assueti
399 2193 540 2254 longo
566 2210 724 2239 muros
751 2194 1008 2241 defendere
1039 2195 1178 2241 bello.
1396 2200 1488 2241 511

182 2259 306 2304 Saxa
330 2273 524 2321 quoque
549 2259 721 2306 ins-:sto
748 2261 998 2307 volxebant
1026 2261 1252 2322 pondere,
1279 2261 1314 2306 si
1342 2259 1439 2322 quit

182 2321 387 2371 Possent
412 2334 586 2372 tectam
623 2327 772 2373 aciem
808 2344 1143 2390 perrumpere:
1182 2328 1292 2374 cum
1333 2338 1491 2373 tamen

184 2388 321 2435 Ferre
337 2389 479 2451 juvat
500 2392 662 2440 subter
685 2392 833 2440 densa
861 2395 1099 2442 testudine
1125 2411 1278 2442 casus.
1304 2396 1493 2457 [omnes
