1607 2700
122 101 214 152 198
454 110 497 140 p.
536 104 786 139 vincum
811 102 1075 137 MARoms

111 225 230 273 Tela
255 233 435 282 tenens,
462 225 651 272 fratrem
677 223 907 286 Eurytion
934 223 977 268 iu
1004 229 1113 268 vota
1134 220 1348 277 vocavit;

110 294 218 340 Jam
244 308 393 338 vacuo
418 292 572 338 laetaui
599 291 1030 352 coelospeculatuS,
1056 296 1105 334 et
1120 287 1202 333 alis

109 359 436 414 Plaudentem‚
463 358 593 419 nigra
615 357 718 419 figit
736 357 824 402 sub
845 357 973 402 nube
999 354 1289 401 columbam.

110 424 306 472 Decidit
330 426 572 480 exanimis,
599 424 837 485 vitamque
864 422 1054 484 reliquit
1072 420 1117 466 iu
1142 419 1277 466 astris

109 491 277 548 Acriis,
305 491 543 554 fixamque
569 490 710 536 refert
737 489 934 551 delapsa
961 488 1191 549 sagittam.

110 558 302 604 Amissa
328 559 456 605 solus
484 557 641 618 palma
666 556 922 617 superabat
947 557 1175 600 Acestes:

111 624 207 678 Qui
226 632 383 670 tamen
407 623 621 670 aetherias
647 623 795 669 telum
821 621 1050 667 contorsit
1074 619 1118 665 in
1144 635 1295 675 auram,
1329 623 1424 665 5120

113 690 375 737 Ostentans
398 698 643 750 artemque
669 697 804 749 pater
827 703 1088 748 arcumque
1114 697 1372 732 sonantem.

110 755 207 802 Hic
233 756 382 802 oculis
405 757 565 802 subito
590 754 816 816 objicitur
840 770 1110 815 magnoque
1136 752 1345 799 futurum

109 822 324 882 Augurio
350 830 640 869 monstrum:
678 820 844 867 docuit
869 821 980 882 post
1003 820 1153 866 exitus
1178 819 1356 880 ingens,

112 889 319 950 Seraque
344 887 538 935 terrifici
562 887 835 934 cecinerunt
852 888 1011 933 omina
1034 895 1181 932 vates.

110 955 335 1017 Namque
360 956 522 1001 volans
551 954 744 1016 liquidis
783 953 827 999 in
854 954 1062 1000 nubibus
1088 952 1202 998 arsit
1225 949 1426 1004 arundo,

113 1021 420 1083 Signavitque
445 1021 568 1067 viam
593 1020 810 1076 fiammis,
849 1028 1107 1080 tenuesque
1133 1017 1327 1064 recessit

114 1087 377 1134 Consumta
398 1089 445 1134 in
470 1096 637 1134 ventos
661 1104 672 1133 ε
712 1086 833 1133 coelo
859 1102 946 1132 ceu
974 1101 1101 1147 saepe
1128 1083 1273 1131 refixa

110 1153 482 1210 Transcurrunt,
510 1154 783 1215 crinemque
809 1152 1015 1199 volantia
1037 1151 1192 1198 sidera
1219 1150 1424 1196 ducunt.

112 1221 342 1267 Attonitis
369 1221 546 1266 haesere
571 1220 759 1274 animis,
781 1235 1069 1281 superosque
1091 1217 1272 1280 precati

113 1287 350 1333 Trinacrii
372 1287 645 1347 Teucrique
672 1285 753 1331 viri
774 1302 784 1332 ε
807 1301 897 1332 nec
914 1286 1142 1331 maximus
1167 1300 1305 1329 omen
1333 1287 1427 1330 530

114 1353 303 1400 Abnuit
326 1355 522 1407 AEnea83
561 1353 645 1399 sed
672 1352 836 1398 laetum
856 1352 1098 1414 amplexus
1122 1353 1329 1397 Acesten

115 1420 402 1467 Muneribus
428 1420 641 1466 cumulat
666 1418 865 1480 magnis,
892 1435 948 1464 ac
974 1418 1088 1464 talia
1111 1416 1263 1464 fatur:

116 1487 274 1544 Sume,
304 1496 460 1550 pater;
500 1503 605 1532 nam
635 1495 679 1531 te
704 1485 850 1531 voluit
874 1501 955 1531 rex
980 1501 1177 1547 magnus
1198 1482 1396 1546 Olympi

115 1552 319 1600 Talibus
337 1553 562 1615 auspiciis
588 1559 824 1598 exsortem
840 1551 1018 1597 ducere
1046 1553 1263 1598 honores.

116 1619 274 1681 Ipsius
295 1619 518 1666 Anchisae
536 1618 737 1680 longaevi
765 1618 854 1663 hoc
875 1634 1044 1664 munus
1071 1617 1297 1668 habebis;

118 1687 314 1732 Cratera
339 1686 618 1746 impressum
645 1684 800 1744 signis,
829 1700 969 1746 quem
997 1683 1230 1730 Thracius
1252 1683 1362 1728 olim

116 1753 348 1799 Anchisae
368 1751 568 1813 genitori
596 1751 641 1797 in
669 1767 838 1813 magno
866 1766 1052 1797 munere
1077 1750 1265 1796 Cisseus

119 1820 259 1865 Ferre
284 1819 355 1866 sui
371 1819 569 1865 dederat
594 1825 951 1863 mouumentum
976 1825 1023 1863 et
1047 1816 1218 1879 pignus
1243 1814 1432 1861 amoris..

119 1886 200 1931 Sic
226 1885 371 1942 fatus,
395 1885 543 1947 cingit
564 1884 785 1930 viridanti
812 1892 1028 1946 tempora
1051 1884 1200 1937 laum,

118 1954 178 1998 Et
195 1953 395 2015 primum
422 1962 530 1998 ante
556 1967 715 1997 omnes
737 1949 964 1995 victorem
984 1950 1191 2012 appellat
1212 1951 1430 1994 Acesten.

119 2020 222 2065 Nec
251 2020 399 2064 bonus
425 2017 651 2080 Eurytion
676 2017 876 2080 praelato
901 2016 1070 2077 invidit
1095 2015 1275 2071 honori,
1338 2022 1426 2062 541

121 2086 354 2139 Quamvis
380 2085 504 2131 solus
529 2100 663 2130 avem
688 2083 807 2130 coelo
833 2082 1009 2144 dejecit
1034 2083 1094 2129 ab
1119 2082 1235 2127 alto.

121 2152 370 2197 Proximus
395 2150 657 2213 ingreditur
682 2150 836 2205 donis,
860 2149 941 2211 qui
965 2148 1153 2195 vincula
1172 2146 1333 2209 rupit:

121 2218 393 2271 Extremus,
420 2216 601 2263 volucri
622 2216 705 2278 qui
730 2215 832 2262 fixit
857 2216 1083 2262 arundine
1111 2214 1302 2259 malum.

190 2287 256 2330 At
280 2291 410 2344 pater
434 2286 619 2339 AEueas‚
647 2282 854 2328 nondum
881 2283 1137 2329 certamine
1164 2281 1322 2338 misso,

125 2349 388 2396 Custodem
415 2349 472 2395 ad
501 2366 602 2396 sese
628 2349 946 2410 comitemque
972 2348 1178 2411 impubis
1204 2347 1292 2393 I'uli

129 2415 366 2480 Epytiden
392 2424 547 2473 vocat,
570 2424 619 2462 et
635 2415 779 2461 fidam
801 2415 867 2460 sic
893 2413 1018 2460 satur
1042 2414 1101 2461 ad
1127 2429 1284 2460 aurem
1305 2430 1316 2459 ε

128 2483 260 2530 Vade
286 2499 394 2546 age3
431 2491 495 2539 et,
524 2483 748 2539 Ascanio,
773 2481 813 2528 si
831 2481 930 2543 jam
958 2481 1137 2545 puerile
1163 2488 1382 2544 paratum
