1614 2694
550 56 858 91 GEoRch.
901 56 1012 90 Lm.
1054 57 1114 90 11.
1415 48 1474 96 47

178 179 409 240 Virgulta,
435 184 482 223 et
507 176 687 237 prolem
715 176 845 223 tarde
874 176 1132 222 crescentis
1158 174 1311 221 olivae.

178 246 306 301 Huc,
334 252 468 306 pater
491 260 520 289 o
545 243 745 289 Lenaee!
784 243 874 289 tuis
902 242 979 287 hic
1006 242 1165 288 omnia
1190 243 1330 303 plena

176 311 484 365 Muneribus;
524 309 609 355 tibi
633 309 887 372 pampineo
912 308 1134 370 gravidus
1159 321 1423 357 auctumno

175 378 327 424 Floret
348 392 470 438 ager,
499 384 686 438 spumat
712 377 861 438 plenis
889 375 1122 421 vindemia
1150 374 1311 421 labris.

172 444 298 499 Huc,
321 451 456 504 pater
479 459 506 489 o
533 444 717 498 Lenaee,
747 443 881 496 veni;
920 442 1195 503 nudataque
1221 449 1377 487 musto

169 510 320 571 Tinge
346 526 472 555 novo
492 526 681 556 mecum
702 510 900 571 direptis
921 524 1059 556 crura
1083 507 1343 554 cothurnis.

237 576 478 638 Principio
503 576 753 623 arboribus
780 577 906 623 varia
927 583 999 622 est
1024 583 1191 621 natura
1215 573 1451 620 creandis.

168 643 394 705 Namque
406 643 525 699 alife,
540 644 677 690 nullis
696 643 943 689 hominum
961 641 1260 704 cogentibus,
1281 642 1396 702 ipsae
1419 647 1476 686 lo

169 711 350 772 Sponte
375 709 461 755 sua
482 710 691 767 veniunt,
720 726 1009 772 camposque
1035 717 1080 754 et
1107 707 1300 754 flumina
1327 709 1420 754 late

169 777 326 823 Curva
350 786 541 824 tenent:
583 785 632 823 ut
653 778 792 823 molle
819 777 942 831 siler,
965 777 1200 836 lentaeque
1224 774 1436 836 genistae,

167 843 398 905 Populus,
425 851 471 889 et
496 844 666 907 glauca
689 844 905 890 canentia
931 842 1099 888 fronde
1126 841 1308 887 salicta.

168 910 282 956 Pars
307 919 467 958 autem
494 912 651 972 posito
676 919 877 973 surgunt
897 909 956 955 de
984 908 1161 954 semine
1184 924 1194 954 :
1236 915 1288 954 ut
1312 908 1419 953 altre.

169 977 436 1033 Castaneae‚
449 993 789 1038 nemorumque
806 977 914 1024 Jovi
927 992 1036 1038 quae
1064 976 1264 1020 maxima
1281 973 1474 1020 frondet

167 1044 406 1101 AEsculus‚
436 1051 582 1106 atque
608 1044 784 1090 habitae
810 1044 970 1090 Graiis
997 1042 1191 1089 oracula
1218 1058 1437 1104 quercus.

166 1109 377 1157 Pullulat
402 1110 462 1156 ab
488 1110 650 1157 radice
671 1111 775 1157 aliis
801 1109 1080 1156 densissima
1106 1109 1254 1155 silva:

166 1176 234 1222 Ut
257 1177 442 1234 ceraSlS‚
465 1177 730 1240 ulmisque3
770 1177 915 1225 etiam
943 1176 1192 1223 Parnassia
1217 1175 1374 1221 laurus

166 1242 317 1290 Parva
343 1244 432 1290 sub
458 1244 637 1306 ingenti
663 1244 823 1291 matris
850 1260 900 1290 se
926 1243 1126 1304 subjicit
1148 1243 1334 1289 umbra.

166 1309 270 1356 Hos
311 1319 482 1357 natura
528 1312 696 1357 modos
742 1310 949 1373 primum
996 1309 1133 1356 dedit
1155 1326 1165 1356 :
1218 1309 1287 1354 his
1322 1324 1471 1370 genus

298 1393 436 1423 omne
1408 1383 1473 1424 20

166 1442 400 1491 Silvarum
425 1443 748 1505 fruticumque
775 1443 906 1501 viret,
936 1457 1279 1504 nemorumque
1313 1458 1472 1488 sacro-

232 1510 355 1557 Sunt
379 1510 473 1567 alii,
500 1527 622 1573 quos
642 1511 740 1570 ipse
759 1510 832 1556 via
859 1510 951 1556 sibi
978 1509 1149 1570 reperit
1169 1525 1300 1554 usus.
1327 1511 1470 1571 [rum.

165 1576 258 1623 Hic
275 1577 462 1639 plantas
480 1587 642 1623 tenero
659 1576 950 1623 abscindens
968 1575 1029 1622 de
1046 1591 1251 1638 corpore
1268 1584 1472 1622 matrum

165 1644 406 1705 Deposuit
430 1644 592 1700 sulcis,
621 1645 694 1689 hic
720 1643 893 1706 stirpes
919 1642 1079 1689 obruit
1104 1659 1236 1699 arvo,

165 1709 575 1773 Quadrifidasque
596 1710 758 1766 sudes,
784 1719 833 1757 et
856 1719 1000 1757 acuto
1024 1709 1196 1755 robore
1221 1708 1370 1755 vallos
1390 1726 1401 1756 :

164 1776 494 1839 Silvarumque
520 1777 623 1823 aliae
649 1793 840 1840 pressos
866 1776 1143 1839 propaginis
1169 1792 1308 1822 arcus

163 1844 452 1906 Expectant,
479 1853 527 1891 et
551 1844 658 1891 viva
677 1845 760 1891 sua
778 1843 1012 1906 plantaria
1033 1844 1169 1890 terra.

230 1911 311 1956 Nil
338 1910 507 1958 radicis
527 1919 666 1973 egent
690 1911 825 1958 aliae:
867 1926 1202 1972 summumque
1228 1916 1423 1972 putator

165 1977 312 2023 Haud
337 1978 527 2024 dubitat
553 1988 691 2025 terrae
717 1978 922 2024 referens
947 1977 1173 2024 mandare
1200 1992 1434 2022 cacumen

165 2044 292 2098 Quin
320 2053 370 2092 et
393 2045 675 2092 caudicibus
700 2045 842 2090 sectis
867 2044 1102 2103 (mirabile
1128 2044 1284 2101 dictu)
1409 2049 1472 2090 30

162 2111 398 2158 Truditur
421 2128 447 2158 e
473 2114 605 2159 sicco
637 2111 769 2157 radix
794 2111 1012 2174 oleagina
1038 2111 1184 2171 ligno.

128 2200 135 2206 ·
162 2177 228 2225 Et
252 2194 380 2240 saepe
403 2178 594 2225 alterius
619 2194 772 2224 ramos
794 2178 989 2241 impune
1016 2177 1228 2223 videmus

165 2245 357 2292 Vertere
375 2245 420 2290 in
442 2245 663 2300 alterius;
704 2251 1031 2307 mutatamque
1052 2245 1191 2290 insita
1217 2242 1338 2290 mala

165 2311 302 2358 Ferre
327 2312 501 2374 pirum,
523 2319 571 2359 et
596 2312 760 2374 prunis
786 2311 996 2373 lapidosa
1023 2311 1281 2358 rubescere
1308 2326 1468 2356 corna.

230 2378 387 2432 Quare
399 2380 522 2442 agite
536 2395 579 2434 o,
594 2378 813 2441 proprios
831 2379 1082 2440 generatim
1099 2378 1270 2424 discite
1290 2378 1467 2432 cultus,

169 2444 413 2504 Agricolae,
435 2447 719 2507 fructusque
747 2444 875 2492 seros
900 2446 1082 2492 mollite
1108 2444 1327 2493 colendo·

165 2510 270 2557 Neu
297 2527 460 2574 segnes
478 2513 675 2574 jaceant
701 2522 866 2560 terrae:
897 2512 1038 2574 juvat
1064 2514 1242 2559 Ismara
1274 2510 1467 2558 Baccho
