1586 2704
581 119 838 157 AENEmos
878 120 986 153 mn.
1023 119 1101 152 xi.
1380 110 1474 153 343

179 236 422 299 Concipis,
448 242 495 282 et
518 234 554 281 si
579 233 697 281 adeo
722 233 890 279 dotalis
919 233 1041 294 regia
1067 231 1198 279 cordi
1221 237 1306 287 est,

179 302 337 357 Aude,
354 311 496 363 atque
513 299 761 347 adversum
782 298 929 344 fidens
945 299 1013 344 fer
1025 309 1187 359 pectus
1208 298 1252 343 in
1271 298 1472 343 hostem.

180 368 388 425 Scilicet,
414 377 461 413 ut
485 367 649 412 Turno
674 366 919 424 contingat
943 366 1068 417 regia
1095 365 1288 423 conjux,
1375 368 1465 417 371

178 435 299 489 Nos,
325 434 491 480 animae
518 432 645 487 viles,
671 431 910 477 inhumata
937 429 1191 490 infletaque
1218 430 1374 483 turba,

179 502 455 547 Sternantur
479 498 678 558 campis.
749 499 807 542 Et
826 496 925 556 jam
956 505 1024 550 tu,
1051 496 1085 540 si
1112 511 1204 557 qua
1232 496 1314 540 tibi
1341 495 1428 550 vis,

179 565 229 613 Si
255 565 393 626 patrii
420 565 532 626 quid
556 565 725 611 Martis
753 562 915 619 habes,
942 563 1072 607 illum
1102 561 1263 622 aspice
1286 570 1471 616 contra,

178 631 274 686 Qui
295 639 450 676 vocat.

243 697 441 742 Talibus
467 695 640 742 exarsit
662 695 803 741 dictis
830 695 1047 741 violentia
1073 692 1255 739 Turni:

176 763 274 809 Dat
292 763 535 824 gemitum,
555 762 828 822 rumpitque
854 763 934 807 lias
961 761 1053 806 imo
1080 768 1273 820 pectore
1301 774 1469 806 voces:

176 829 329 890 Larga
354 829 560 889 quidem,
582 829 786 882 Drance,
813 841 998 888 semper
1024 827 1107 871 tibi
1135 825 1275 886 copia
1299 823 1449 880 fandi,

175 894 317 941 Tunc
343 894 452 940 curn
480 893 601 939 bella
620 909 784 939 manus
804 901 1008 956 poscunt
1028 910 1038 946 ;
1065 892 1371 953 patribusque
1391 907 1472 935 vo·

306 960 426 1006 catis
1376 962 1474 1013 379

174 1024 361 1072 Primus
386 1025 526 1072 ades:
566 1024 646 1069 sed
673 1040 764 1069 uon
793 1022 1017 1086 replenda
1044 1030 1113 1068 est
1140 1021 1268 1066 curia
1294 1023 1470 1078 verbis,

176 1091 300 1144 Quae
320 1091 423 1138 tuto
448 1090 533 1136 tibi
561 1107 726 1152 magna
747 1092 924 1145 volant,
946 1091 1055 1133 dum
1076 1088 1266 1133 distinet
1286 1087 1471 1134 hostem

174 1159 336 1219 Agger
361 1173 630 1211 moerorum,
657 1172 744 1202 nec
771 1157 1001 1201 inundant
1029 1154 1257 1216 sanguine
1282 1153 1438 1201 fossae.

128 1231 137 1256 ἑ
173 1222 376 1270 Proinde
398 1230 512 1269 tona
526 1222 732 1284 eloquio,
753 1223 940 1269 solitum
962 1221 1046 1266 tibi
1067 1237 1078 1273 ;
1107 1219 1471 1281 meque'timoris

173 1289 336 1351 Argue
361 1300 430 1344 tu,
458 1290 680 1342 Drance3
720 1289 915 1349 quando
944 1295 1012 1332 tot
1039 1287 1208 1348 stragis
1235 1301 1426 1331 acervos

172 1355 470 1401 Teucrorum
497 1363 579 1401 tua
604 1353 769 1400 dextra
795 1354 946 1408 dedit,
973 1353 1250 1414 passimque
1277 1353 1471 1414 tropaeis

171 1418 374 1482 Insignis
395 1436 549 1482 agros.
619 1421 778 1467 Possit
802 1420 914 1482 quid
942 1419 1094 1464 vivida
1118 1420 1278 1473 virtus,

173 1487 428 1548 Experiare
453 1487 592 1533 licet:
631 1502 717 1532 nec
743 1486 880 1547 longe
904 1485 1085 1531 scilicet
1114 1485 1273 1531 hostes

174 1553 430 1606 Quaerendi
452 1553 616 1599 nobis:
653 1552 967 1599 circumstant
991 1550 1199 1613 undique
1227 1566 1401 1596 muros,

172 1618 305 1664 Imus
331 1620 373 1664 in
399 1618 666 1665 adversos&
704 1618 814 1678 quid
843 1618 1041 1664 cessas?
1078 1633 1135 1661 an
1163 1617 1247 1662 tibi
1274 1617 1470 1662 Mavors

169 1683 443 1731 Ventosstin
463 1684 621 1746 lingua
648 1684 939 1747 pedibusque
965 1683 1215 1745 fugacibus
1241 1684 1339 1728 istis
1373 1689 1472 1738 390

170 1749 371 1812 Semper
393 1751 514 1798 erit?
559 1759 594 1800 4v

168 1815 343 1864 Pulsus
363 1816 485 1878 ego?
511 1825 592 1863 aut
613 1816 861 1879 quisquam
884 1814 1065 1871 merito,
1080 1814 1353 1872 foedissime,
1368 1816 1471 1876 pul-

301 1899 408 1929 sum

168 1957 370 2008 Arguet,
397 1948 543 1994 Iliaco
565 1946 796 1993 tumidum
821 1948 897 2009 qui
921 1964 1130 1994 crescere
1155 1948 1355 2011 Tybrim

170 2014 424 2075 Sanguine,
450 2023 496 2060 et
527 2013 725 2060 Evandri
752 2021 897 2059 totam
927 2030 1034 2060 cum
1058 2015 1200 2076 stirpe
1227 2013 1403 2060 videbit

168 2079 490 2128 Procubuisse
508 2079 720 2134 domum,
735 2088 877 2140 atque
890 2089 1057 2127 exutos
1074 2080 1286 2126 Arcadas
1298 2078 1470 2125 armis?

169 2144 315 2192 Haud
341 2148 405 2193 ita
432 2163 502 2192 me
528 2147 706 2208 experti
731 2146 872 2191 Bitias
895 2155 937 2191 et
958 2146 1203 2192 Pandarus
1228 2146 1404 2206 ingens,

167 2209 229 2256 Et
252 2229 375 2271 quos
404 2212 523 2258 mille
547 2213 621 2258 die
642 2212 792 2258 victor
816 2212 904 2257 sub
927 2213 1130 2259 Tartara
1156 2212 1277 2270 misi,

167 2276 391 2325 Inclusus
418 2279 573 2333 muris,
598 2277 849 2338 hostilique
874 2295 1041 2339 aggere
1069 2288 1252 2340 septus.

167 2341 320 2390 Nulla
345 2346 469 2392 salus
496 2344 648 2391 bello!
687 2344 830 2406 capiti
848 2361 963 2391 cane
992 2345 1101 2392 talia
1123 2344 1318 2391 demens
1377 2350 1473 2399 399

168 2407 434 2469 Dardani0‚
458 2412 696 2474 rebusque
723 2411 831 2458 tuis,
902 2411 1106 2458 Proinde
1123 2413 1280 2458 omnin
1306 2424 1473 2472 niagno

168 2473 242 2520 Ne
274 2491 405 2524 cessa
430 2478 615 2526 turbare
642 2486 786 2534 metu,
812 2486 956 2540 atque
981 2477 1202 2525 extollere
1223 2478 1342 2523 vires
