1607 2700
183 105 275 148 282
523 109 571 143 P.
614 109 860 143 VIRGILII
891 105 1154 143 MARONIS

181 232 299 287 Quis
324 229 509 293 globus,
537 247 566 277 0
592 230 734 286 cives,
762 230 964 292 caligine
990 230 1196 277 volvitur
1220 230 1350 276 atra}

184 301 320 346 Ferte
340 297 424 344 citi
444 295 633 354 ferrum,
662 296 770 343 date
796 297 903 352 tela,
932 297 1149 343 scandite
1174 314 1348 345 muros,

181 365 346 412 Hostis
371 363 524 419 adest,
546 364 636 425 eja.
705 363 892 425 Ingenti
912 364 1114 410 elamore
1141 380 1222 424 per
1245 379 1410 410 ornnes

182 431 413 479 Conduut
437 446 485 477 se
511 431 689 477 Teucri
715 439 890 492 portaS,
917 437 962 475 et
986 430 1153 476 moenia
1179 430 1433 493 complent.

181 499 406 559 Namque
431 497 495 544 ita
521 497 766 544 discedens
793 507 1090 558 praeceperat
1113 497 1321 559 optimus
1355 495 1499 544 armis

181 566 351 611 AEneas
373 580 385 610 ε
424 563 462 610 si
488 580 586 622 qua
612 565 789 609 interea
815 562 1006 608 fortuna
1032 562 1212 619 fuisset,
1439 571 1497 609 41

180 631 290 679 Neu
313 640 491 679 struere
517 632 742 677 auderent
764 629 930 683 aciem,
957 643 1042 672 neu
1070 629 1259 673 credere
1298 646 1499 692 campo;

183 698 356 743 Castra
382 694 529 741 modo
555 705 603 741 et
627 703 756 741 tutos
782 703 1023 741 servarent
1048 712 1216 758 aggere
1243 713 1418 743 muros,

183 762 331 826 Ergo,
357 762 442 809 etsi
459 760 670 808 conferre
688 778 880 808 manum
900 761 1060 824 pudor
1078 762 1240 825 iraque
1257 770 1503 816 monstrat,

185 829 441 890 Objiciunt
465 836 627 890 portas
653 837 828 886 tamen,
856 837 903 876 et
926 837 1171 890 praecepta
1196 829 1451 886 facessunt,

184 896 464 959 Armatique
490 896 615 942 cavis
640 904 897 957 expectant
915 895 1124 942 turribus
1151 897 1353 942 hostem.

249 964 452 1020 Turnus,
481 971 533 1010 ut
558 962 832 1010 antevolans
858 962 1048 1010 tardum
1097 969 1397 1024 praecesserat
1426 978 1507 1025 ag-

183 1029 362 1093 Viginti
381 1029 514 1076 lectis
539 1030 750 1092 equitum
778 1030 1032 1076 comitatus
1055 1047 1067 1084 ;
1095 1039 1142 1076 et
1168 1030 1274 1076 urbi
1357 1031 1503 1093 [meu,

183 1097 477 1161 Improvisus
504 1097 668 1143 adest:
709 1097 907 1142 maculis
933 1114 1071 1157 quem
1109 1096 1346 1143 Thracius
1388 1098 1506 1142 albis

185 1166 529 1225 Portatequus‚
544 1164 786 1226 cristaque
805 1164 916 1224 tegit
932 1164 1067 1225 galea
1083 1180 1227 1210 aurea
1243 1165 1413 1210 rubrei:
1444 1171 1507 1210 50

184 1231 363 1294 Ecquis
389 1231 478 1277 erit
506 1247 706 1286 mecum,
733 1247 761 1275 o
780 1229 1000 1290 juvenes,
1026 1230 1107 1293 qui
1131 1232 1306 1292 primus
1332 1231 1381 1277 in
1403 1232 1508 1277 hos-

319 1306 413 1344 tem
433 1299 453 1345 2

184 1366 275 1421 En,
303 1365 470 1411 aittet
501 1363 720 1426 jaculum
758 1370 1038 1424 attorquens
1078 1362 1250 1410 emittit
1270 1362 1315 1410 in
1354 1380 1505 1420 auras,

190 1431 480 1494 Principium
507 1448 680 1494 pugnae
705 1448 716 1486 ;
755 1437 803 1476 et
828 1446 1000 1492 campo
1028 1447 1130 1477 sese
1155 1430 1332 1478 arduus
1351 1430 1503 1478 infert.

186 1499 408 1545 Clamore
431 1498 679 1560 excipiunt
703 1497 835 1554 socii,
864 1496 1153 1559 fremituque
1179 1507 1444 1560 sequuntur

184 1566 466 1612 Horrisouo.
537 1564 783 1611 Teucrum
808 1564 1038 1611 mirantur
1061 1564 1227 1611 inertia
1252 1565 1431 1620 corda;

184 1631 295 1679 Non
321 1649 459 1694 aequo
484 1632 596 1678 dare
622 1649 671 1678 se
697 1647 885 1693 campo,
910 1647 1003 1676 non
1027 1631 1166 1677 obvia
1191 1630 1311 1678 ferre

183 1701 332 1746 Arma
357 1701 477 1745 viros
500 1716 511 1753 ;
550 1700 631 1745 sed
659 1707 813 1745 castra
837 1697 1012 1744 fovere.
1052 1698 1163 1744 Huc
1189 1697 1406 1744 turbidus
1440 1706 1508 1743 at-

357 1783 414 1813 ue
441 1768 532 1812 huc

185 1784 380 1880 Lustrat
404 1849 530 1895 equo
556 1849 733 1889 muros,
758 1832 1038 1894 aditumque
1062 1848 1146 1894 per
1181 1832 1285 1879 avia
1323 1831 1509 1893 quaerit.

187 1903 259 1947 Ac
286 1900 429 1947 veluti
450 1901 591 1962 pleno
615 1900 756 1961 lupus
783 1899 1032 1945 insidiatus
1058 1899 1188 1955 ovili,
1448 1906 1509 1954 :39

187 1967 310 2013 Cum
331 1966 488 2014 fremit
508 1967 569 2014 ad
593 1967 769 2021 caulas,
793 1974 959 2012 ventos
976 1982 1228 2028 perpessus
1250 1973 1296 2010 et
1317 1964 1507 2020 imbres,

193 2037 351 2085 Nocte
376 2053 516 2100 super
540 2035 728 2093 medi&
767 2035 858 2083 tuti
884 2036 974 2082 sub
1001 2035 1233 2082 matribus
1258 2037 1367 2099 agni

196 2105 412 2151 Balatum
436 2112 693 2158 exercent;
731 2103 804 2148 ille
829 2118 968 2164 asper
992 2110 1036 2148 et
1061 2102 1306 2163 improbus
1323 2104 1398 2150 ira

197 2172 344 2217 Saevit
367 2171 412 2217 in
440 2173 664 2217 absentes
688 2185 698 2216 ε
736 2170 942 2216 collecta
969 2169 1136 2229 fatigat
1159 2168 1331 2215 edendi

195 2237 263 2282 Ex
290 2238 429 2297 longo
457 2238 627 2292 rabie5‚
648 2246 692 2282 et
721 2237 862 2283 siccae
889 2238 1115 2298 sanguiue
1138 2235 1331 2282 fauces:

197 2303 339 2350 Haud
365 2304 500 2350 aliter
527 2303 703 2349 Rutulo
730 2319 888 2350 muros
911 2310 958 2349 et
979 2308 1138 2349 castra
1163 2303 1311 2348 tuenti

195 2372 455 2433 Ignescunt
477 2369 576 2426 irae,
603 2379 648 2416 et
673 2369 802 2416 duris
829 2370 968 2416 dolor
992 2370 1172 2415 ossibus
1195 2370 1328 2416 ardet
1349 2389 1362 2426 ;

198 2438 308 2492 Qua
335 2444 484 2484 tentet
506 2435 687 2483 ratione
711 2435 866 2483 aditus
887 2454 900 2491 ;
939 2444 985 2482 et
1009 2452 1114 2498 quae
1142 2434 1216 2481 via
1242 2435 1430 2483 clausos

195 2505 419 2552 Excutiat
442 2504 658 2550 Teucros
679 2503 818 2562 vallo,
842 2510 986 2566 atque
1006 2501 1222 2550 effundat
1244 2503 1290 2549 in
1313 2518 1492 2566 aequor.
