<?xml version="1.0" encoding="UTF-8"?>
<!DOCTYPE html PUBLIC "-//W3C//DTD XHTML 1.0 Transitional//EN"
    "http://www.w3.org/TR/xhtml1/DTD/xhtml1-transitional.dtd">
<html xmlns="http://www.w3.org/1999/xhtml" xml:lang="en" lang="en">
 <head>
  <title>
</title>
<meta http-equiv="Content-Type" content="text/html;charset=utf-8" />
  <meta name='ocr-system' content='tesseract 3.04.00' />
  <meta name='ocr-capabilities' content='ocr_page ocr_carea ocr_par ocr_line ocrx_word'/>
</head>
<body>
  <div class='ocr_page' id='page_1' title='image "./operaadfidemopti00virguoft/operaadfidemopti00virguoft_0301.png"; bbox 0 0 1607 2700; ppageno 0'>
   <div class='ocr_carea' id='block_1_1' title="bbox 559 90 1475 136">
    <p class='ocr_par' dir='ltr' id='par_1_1' title="bbox 559 90 1475 136">
     <span class='ocr_line' id='line_1_1' title="bbox 559 90 1475 136; baseline 0.004 -6"><span class='ocrx_word' id='word_1_1' title='bbox 559 97 823 130; x_wconf 75' lang='lat' dir='ltr'>AENEmos</span> <span class='ocrx_word' id='word_1_2' title='bbox 866 97 976 131; x_wconf 73' lang='lat' dir='ltr'>mn.</span> <span class='ocrx_word' id='word_1_3' title='bbox 1016 97 1094 130; x_wconf 72' lang='lat' dir='ltr'>ix.</span> <span class='ocrx_word' id='word_1_4' title='bbox 1384 90 1475 136; x_wconf 72' lang='lat'>297</span> 
     </span>
    </p>
   </div>
   <div class='ocr_carea' id='block_1_2' title="bbox 156 209 1479 2513">
    <p class='ocr_par' dir='ltr' id='par_1_2' title="bbox 160 209 1479 1654">
     <span class='ocr_line' id='line_1_2' title="bbox 175 209 1293 272; baseline 0 -15"><span class='ocrx_word' id='word_1_5' title='bbox 175 210 295 258; x_wconf 82' lang='lat' dir='ltr'>Ense</span> <span class='ocrx_word' id='word_1_6' title='bbox 321 210 436 257; x_wconf 89' lang='lat' dir='ltr'>levis</span> <span class='ocrx_word' id='word_1_7' title='bbox 461 209 607 266; x_wconf 90' lang='lat' dir='ltr'>nud0,</span> <span class='ocrx_word' id='word_1_8' title='bbox 634 210 894 272; x_wconf 62' lang='lat' dir='ltr'>parmaque</span> <span class='ocrx_word' id='word_1_9' title='bbox 919 209 1146 267; x_wconf 85' lang='lat' dir='ltr'>inglorius</span> <span class='ocrx_word' id='word_1_10' title='bbox 1171 209 1293 257; x_wconf 56' lang='lat' dir='ltr'>alba.</span> 
     </span>
     <span class='ocr_line' id='line_1_3' title="bbox 174 274 1328 339; baseline -0.001 -17"><span class='ocrx_word' id='word_1_11' title='bbox 174 277 316 339; x_wconf 83' lang='lat' dir='ltr'>Isque</span> <span class='ocrx_word' id='word_1_12' title='bbox 344 277 421 323; x_wconf 90' lang='lat' dir='ltr'>ubi</span> <span class='ocrx_word' id='word_1_13' title='bbox 449 292 496 322; x_wconf 91' lang='lat' dir='ltr'>se</span> <span class='ocrx_word' id='word_1_14' title='bbox 520 275 668 321; x_wconf 87' lang='lat' dir='ltr'>Turni</span> <span class='ocrx_word' id='word_1_15' title='bbox 696 275 848 321; x_wconf 81' lang='lat' dir='ltr'>media</span> <span class='ocrx_word' id='word_1_16' title='bbox 872 274 992 321; x_wconf 90' lang='lat' dir='ltr'>inter</span> <span class='ocrx_word' id='word_1_17' title='bbox 1013 275 1156 321; x_wconf 87' lang='lat' dir='ltr'>millia</span> <span class='ocrx_word' id='word_1_18' title='bbox 1181 277 1295 321; x_wconf 81' lang='lat' dir='ltr'>vidit</span> <span class='ocrx_word' id='word_1_19' title='bbox 1316 293 1328 329; x_wconf 90' lang='lat'>;</span> 
     </span>
     <span class='ocr_line' id='line_1_4' title="bbox 171 340 1479 402; baseline -0.001 -13"><span class='ocrx_word' id='word_1_20' title='bbox 171 342 296 389; x_wconf 89' lang='lat' dir='ltr'>Hinc</span> <span class='ocrx_word' id='word_1_21' title='bbox 320 342 464 399; x_wconf 72' lang='lat' dir='ltr'>acie3‚</span> <span class='ocrx_word' id='word_1_22' title='bbox 483 348 627 402; x_wconf 87' lang='lat' dir='ltr'>atque</span> <span class='ocrx_word' id='word_1_23' title='bbox 656 341 763 387; x_wconf 87' lang='lat' dir='ltr'>hinc</span> <span class='ocrx_word' id='word_1_24' title='bbox 788 340 913 387; x_wconf 87' lang='lat' dir='ltr'>acies</span> <span class='ocrx_word' id='word_1_25' title='bbox 938 349 1093 386; x_wconf 89' lang='lat' dir='ltr'>astare</span> <span class='ocrx_word' id='word_1_26' title='bbox 1121 342 1341 397; x_wconf 88' lang='lat' dir='ltr'>Latinas;</span> <span class='ocrx_word' id='word_1_27' title='bbox 1381 346 1479 389; x_wconf 86' lang='lat'>550</span> 
     </span>
     <span class='ocr_line' id='line_1_5' title="bbox 171 405 1335 469; baseline -0.002 -14"><span class='ocrx_word' id='word_1_28' title='bbox 171 408 238 459; x_wconf 91' lang='lat' dir='ltr'>Ut</span> <span class='ocrx_word' id='word_1_29' title='bbox 263 407 378 465; x_wconf 88' lang='lat' dir='ltr'>fera,</span> <span class='ocrx_word' id='word_1_30' title='bbox 405 423 511 469; x_wconf 85' lang='lat' dir='ltr'>quae</span> <span class='ocrx_word' id='word_1_31' title='bbox 537 406 685 453; x_wconf 69' lang='lat' dir='ltr'>densa</span> <span class='ocrx_word' id='word_1_32' title='bbox 711 405 967 452; x_wconf 69' lang='lat' dir='ltr'>venantum</span> <span class='ocrx_word' id='word_1_33' title='bbox 996 415 1133 467; x_wconf 88' lang='lat' dir='ltr'>septa</span> <span class='ocrx_word' id='word_1_34' title='bbox 1159 408 1335 453; x_wconf 69' lang='lat' dir='ltr'>coron-52</span> 
     </span>
     <span class='ocr_line' id='line_1_6' title="bbox 170 471 1352 534; baseline -0.002 -14"><span class='ocrx_word' id='word_1_35' title='bbox 170 474 349 520; x_wconf 78' lang='lat' dir='ltr'>Contra</span> <span class='ocrx_word' id='word_1_36' title='bbox 375 474 468 519; x_wconf 89' lang='lat' dir='ltr'>tela</span> <span class='ocrx_word' id='word_1_37' title='bbox 495 473 623 528; x_wconf 80' lang='lat' dir='ltr'>furit,</span> <span class='ocrx_word' id='word_1_38' title='bbox 647 489 847 534; x_wconf 84' lang='lat' dir='ltr'><strong>seseque</strong></span> <span class='ocrx_word' id='word_1_39' title='bbox 875 471 998 517; x_wconf 90' lang='lat' dir='ltr'>haud</span> <span class='ocrx_word' id='word_1_40' title='bbox 1028 474 1186 517; x_wconf 89' lang='lat' dir='ltr'>nescia</span> <span class='ocrx_word' id='word_1_41' title='bbox 1214 474 1352 518; x_wconf 85' lang='lat' dir='ltr'>morti</span> 
     </span>
     <span class='ocr_line' id='line_1_7' title="bbox 168 537 1202 598; baseline -0.001 -14"><span class='ocrx_word' id='word_1_42' title='bbox 168 538 349 598; x_wconf 82' lang='lat' dir='ltr'>Injicit,</span> <span class='ocrx_word' id='word_1_43' title='bbox 374 548 421 585; x_wconf 90' lang='lat' dir='ltr'>et</span> <span class='ocrx_word' id='word_1_44' title='bbox 446 540 569 584; x_wconf 89' lang='lat' dir='ltr'>saltu</span> <span class='ocrx_word' id='word_1_45' title='bbox 596 554 735 598; x_wconf 84' lang='lat' dir='ltr'>supra</span> <span class='ocrx_word' id='word_1_46' title='bbox 763 539 999 585; x_wconf 83' lang='lat' dir='ltr'>venabula</span> <span class='ocrx_word' id='word_1_47' title='bbox 1023 537 1202 590; x_wconf 60' lang='lat' dir='ltr'>fertum</span> 
     </span>
     <span class='ocr_line' id='line_1_8' title="bbox 168 603 1429 664; baseline -0.001 -14"><span class='ocrx_word' id='word_1_48' title='bbox 168 604 310 650; x_wconf 86' lang='lat' dir='ltr'>Haud</span> <span class='ocrx_word' id='word_1_49' title='bbox 337 604 680 664; x_wconf 87' lang='lat' dir='ltr'>aliterjuvenis</span> <span class='ocrx_word' id='word_1_50' title='bbox 707 604 886 650; x_wconf 86' lang='lat' dir='ltr'>medios</span> <span class='ocrx_word' id='word_1_51' title='bbox 916 603 1171 650; x_wconf 85' lang='lat' dir='ltr'>moriturus</span> <span class='ocrx_word' id='word_1_52' title='bbox 1196 604 1242 650; x_wconf 90' lang='lat' dir='ltr'>in</span> <span class='ocrx_word' id='word_1_53' title='bbox 1270 603 1429 650; x_wconf 87' lang='lat' dir='ltr'>hostes</span> 
     </span>
     <span class='ocr_line' id='line_1_9' title="bbox 166 669 1354 731; baseline 0.002 -17"><span class='ocrx_word' id='word_1_54' title='bbox 166 669 339 724; x_wconf 85' lang='lat' dir='ltr'>Irruit;</span> <span class='ocrx_word' id='word_1_55' title='bbox 375 679 439 727; x_wconf 87' lang='lat' dir='ltr'>et,</span> <span class='ocrx_word' id='word_1_56' title='bbox 466 670 559 731; x_wconf 73' lang='lat' dir='ltr'>qua</span> <span class='ocrx_word' id='word_1_57' title='bbox 587 670 678 716; x_wconf 86' lang='lat' dir='ltr'>tela</span> <span class='ocrx_word' id='word_1_58' title='bbox 705 670 833 716; x_wconf 88' lang='lat' dir='ltr'>videt</span> <span class='ocrx_word' id='word_1_59' title='bbox 858 669 1160 726; x_wconf 84' lang='lat' dir='ltr'>densissima,</span> <span class='ocrx_word' id='word_1_60' title='bbox 1186 670 1354 716; x_wconf 81' lang='lat' dir='ltr'>tendit.</span> 
     </span>
     <span class='ocr_line' id='line_1_10' title="bbox 165 736 1436 798; baseline -0.002 -16"><span class='ocrx_word' id='word_1_61' title='bbox 165 736 232 782; x_wconf 89' lang='lat' dir='ltr'>At</span> <span class='ocrx_word' id='word_1_62' title='bbox 257 736 464 797; x_wconf 88' lang='lat' dir='ltr'>pedibus</span> <span class='ocrx_word' id='word_1_63' title='bbox 491 736 627 798; x_wconf 75' lang='lat' dir='ltr'>longe</span> <span class='ocrx_word' id='word_1_64' title='bbox 655 737 819 782; x_wconf 83' lang='lat' dir='ltr'>melior</span> <span class='ocrx_word' id='word_1_65' title='bbox 844 736 1018 798; x_wconf 82' lang='lat' dir='ltr'>Lycus,</span> <span class='ocrx_word' id='word_1_66' title='bbox 1044 737 1165 781; x_wconf 84' lang='lat' dir='ltr'>inter</span> <span class='ocrx_word' id='word_1_67' title='bbox 1189 744 1235 782; x_wconf 85' lang='lat' dir='ltr'>et</span> <span class='ocrx_word' id='word_1_68' title='bbox 1262 736 1436 788; x_wconf 87' lang='lat' dir='ltr'>hostes,</span> 
     </span>
     <span class='ocr_line' id='line_1_11' title="bbox 165 801 1430 863; baseline 0 -17"><span class='ocrx_word' id='word_1_69' title='bbox 165 801 297 848; x_wconf 83' lang='lat' dir='ltr'>Inter</span> <span class='ocrx_word' id='word_1_70' title='bbox 318 811 366 849; x_wconf 88' lang='lat' dir='ltr'>et</span> <span class='ocrx_word' id='word_1_71' title='bbox 391 819 519 848; x_wconf 85' lang='lat' dir='ltr'>arma</span> <span class='ocrx_word' id='word_1_72' title='bbox 544 802 653 862; x_wconf 69' lang='lat' dir='ltr'>fuga</span> <span class='ocrx_word' id='word_1_73' title='bbox 679 818 838 848; x_wconf 86' lang='lat' dir='ltr'>muros</span> <span class='ocrx_word' id='word_1_74' title='bbox 865 810 1026 855; x_wconf 86' lang='lat' dir='ltr'>tenet;</span> <span class='ocrx_word' id='word_1_75' title='bbox 1063 801 1254 863; x_wconf 80' lang='lat' dir='ltr'>altaque</span> <span class='ocrx_word' id='word_1_76' title='bbox 1280 810 1430 847; x_wconf 84' lang='lat' dir='ltr'>certat</span> 
     </span>
     <span class='ocr_line' id='line_1_12' title="bbox 165 866 1474 929; baseline 0 -16"><span class='ocrx_word' id='word_1_77' title='bbox 165 866 400 914; x_wconf 86' lang='lat' dir='ltr'>Prendere</span> <span class='ocrx_word' id='word_1_78' title='bbox 417 876 543 914; x_wconf 89' lang='lat' dir='ltr'>tecta</span> <span class='ocrx_word' id='word_1_79' title='bbox 556 884 713 923; x_wconf 89' lang='lat' dir='ltr'>manu,</span> <span class='ocrx_word' id='word_1_80' title='bbox 726 867 1003 929; x_wconf 67' lang='lat' dir='ltr'>sociumque</span> <span class='ocrx_word' id='word_1_81' title='bbox 1018 868 1246 929; x_wconf 84' lang='lat' dir='ltr'>attingere</span> <span class='ocrx_word' id='word_1_82' title='bbox 1263 867 1474 914; x_wconf 84' lang='lat' dir='ltr'>dextras.</span> 
     </span>
     <span class='ocr_line' id='line_1_13' title="bbox 165 933 1374 996; baseline -0.001 -17"><span class='ocrx_word' id='word_1_83' title='bbox 165 934 322 987; x_wconf 86' lang='lat' dir='ltr'>Quem</span> <span class='ocrx_word' id='word_1_84' title='bbox 346 934 538 980; x_wconf 81' lang='lat' dir='ltr'>Turnus</span> <span class='ocrx_word' id='word_1_85' title='bbox 565 933 740 996; x_wconf 84' lang='lat' dir='ltr'>pariter</span> <span class='ocrx_word' id='word_1_86' title='bbox 765 949 924 989; x_wconf 88' lang='lat' dir='ltr'>cursu,</span> <span class='ocrx_word' id='word_1_87' title='bbox 952 935 1140 994; x_wconf 86' lang='lat' dir='ltr'>teloque</span> <span class='ocrx_word' id='word_1_88' title='bbox 1168 943 1374 988; x_wconf 86' lang='lat' dir='ltr'>secutus,</span> 
     </span>
     <span class='ocr_line' id='line_1_14' title="bbox 161 997 1473 1061; baseline -0.001 -17"><span class='ocrx_word' id='word_1_89' title='bbox 161 997 390 1061; x_wconf 88' lang='lat' dir='ltr'>Increpat</span> <span class='ocrx_word' id='word_1_90' title='bbox 415 1000 485 1045; x_wconf 83' lang='lat' dir='ltr'>his</span> <span class='ocrx_word' id='word_1_91' title='bbox 510 1001 663 1047; x_wconf 85' lang='lat' dir='ltr'>victor</span> <span class='ocrx_word' id='word_1_92' title='bbox 685 1016 696 1046; x_wconf 87' lang='grc'>;</span> <span class='ocrx_word' id='word_1_93' title='bbox 735 1000 997 1046; x_wconf 83' lang='lat' dir='ltr'>Nostrasue</span> <span class='ocrx_word' id='word_1_94' title='bbox 1017 998 1236 1055; x_wconf 86' lang='lat' dir='ltr'>evadere,</span> <span class='ocrx_word' id='word_1_95' title='bbox 1259 999 1473 1051; x_wconf 79' lang='lat' dir='ltr'>demens,</span> 
     </span>
     <span class='ocr_line' id='line_1_15' title="bbox 162 1063 1469 1128; baseline 0.001 -17"><span class='ocrx_word' id='word_1_96' title='bbox 162 1065 377 1125; x_wconf 72' lang='lat' dir='ltr'>Sperasti</span> <span class='ocrx_word' id='word_1_97' title='bbox 401 1074 446 1112; x_wconf 91' lang='lat' dir='ltr'>te</span> <span class='ocrx_word' id='word_1_98' title='bbox 466 1082 605 1128; x_wconf 90' lang='lat' dir='ltr'>posse</span> <span class='ocrx_word' id='word_1_99' title='bbox 624 1082 791 1111; x_wconf 89' lang='lat' dir='ltr'>manus</span> <span class='ocrx_word' id='word_1_100' title='bbox 810 1065 830 1111; x_wconf 74' lang='grc' dir='ltr'>’Ξ</span> <span class='ocrx_word' id='word_1_101' title='bbox 856 1066 993 1110; x_wconf 89' lang='lat' dir='ltr'>simul</span> <span class='ocrx_word' id='word_1_102' title='bbox 1014 1065 1179 1126; x_wconf 81' lang='lat' dir='ltr'>arripit</span> <span class='ocrx_word' id='word_1_103' title='bbox 1201 1065 1350 1127; x_wconf 84' lang='lat' dir='ltr'>ipsum</span> <span class='ocrx_word' id='word_1_104' title='bbox 1378 1063 1469 1112; x_wconf 83' lang='lat'>561</span> 
     </span>
     <span class='ocr_line' id='line_1_16' title="bbox 161 1130 1416 1193; baseline 0 -17"><span class='ocrx_word' id='word_1_105' title='bbox 161 1130 474 1188; x_wconf 85' lang='lat' dir='ltr'><strong>Pendentem,</strong></span> <span class='ocrx_word' id='word_1_106' title='bbox 500 1139 550 1178; x_wconf 90' lang='lat' dir='ltr'>et</span> <span class='ocrx_word' id='word_1_107' title='bbox 576 1133 743 1193; x_wconf 68' lang='lat' dir='ltr'>magua</span> <span class='ocrx_word' id='word_1_108' title='bbox 772 1132 891 1176; x_wconf 88' lang='lat' dir='ltr'>muri</span> <span class='ocrx_word' id='word_1_109' title='bbox 918 1147 1025 1177; x_wconf 89' lang='lat' dir='ltr'>cum</span> <span class='ocrx_word' id='word_1_110' title='bbox 1054 1138 1189 1193; x_wconf 84' lang='lat' dir='ltr'>parte</span> <span class='ocrx_word' id='word_1_111' title='bbox 1217 1131 1416 1177; x_wconf 85' lang='lat' dir='ltr'>revellit.</span> 
     </span>
     <span class='ocr_line' id='line_1_17' title="bbox 160 1196 1473 1260; baseline -0.001 -17"><span class='ocrx_word' id='word_1_112' title='bbox 160 1196 336 1251; x_wconf 81' lang='lat' dir='ltr'>Qualis</span> <span class='ocrx_word' id='word_1_113' title='bbox 373 1197 474 1255; x_wconf 85' lang='lat' dir='ltr'>ubi,</span> <span class='ocrx_word' id='word_1_114' title='bbox 511 1206 594 1245; x_wconf 88' lang='lat' dir='ltr'>aut</span> <span class='ocrx_word' id='word_1_115' title='bbox 629 1197 860 1260; x_wconf 89' lang='lat' dir='ltr'>leporem,</span> <span class='ocrx_word' id='word_1_116' title='bbox 894 1206 976 1243; x_wconf 86' lang='lat' dir='ltr'>aut</span> <span class='ocrx_word' id='word_1_117' title='bbox 1015 1196 1241 1243; x_wconf 86' lang='lat' dir='ltr'>candenti</span> <span class='ocrx_word' id='word_1_118' title='bbox 1274 1212 1473 1259; x_wconf 87' lang='lat' dir='ltr'>corpore</span> 
     </span>
     <span class='ocr_line' id='line_1_18' title="bbox 289 1279 495 1326; baseline 0 -17"><span class='ocrx_word' id='word_1_119' title='bbox 289 1279 495 1326; x_wconf 84' lang='lat' dir='ltr'>cycnum</span> 
     </span>
     <span class='ocr_line' id='line_1_19' title="bbox 161 1328 1469 1394; baseline 0 -17"><span class='ocrx_word' id='word_1_120' title='bbox 161 1330 368 1377; x_wconf 78' lang='lat' dir='ltr'>Sustulit</span> <span class='ocrx_word' id='word_1_121' title='bbox 389 1329 482 1376; x_wconf 84' lang='lat' dir='ltr'>alta</span> <span class='ocrx_word' id='word_1_122' title='bbox 507 1338 671 1391; x_wconf 90' lang='lat' dir='ltr'>petens</span> <span class='ocrx_word' id='word_1_123' title='bbox 694 1329 899 1392; x_wconf 87' lang='lat' dir='ltr'>pedibus</span> <span class='ocrx_word' id='word_1_124' title='bbox 920 1329 1052 1377; x_wconf 88' lang='lat' dir='ltr'>Jovis</span> <span class='ocrx_word' id='word_1_125' title='bbox 1076 1328 1280 1394; x_wconf 58' lang='lat' dir='ltr'>armiger</span> <span class='ocrx_word' id='word_1_126' title='bbox 1303 1328 1469 1377; x_wconf 85' lang='lat' dir='ltr'>uncis:</span> 
     </span>
     <span class='ocr_line' id='line_1_20' title="bbox 162 1395 1338 1456; baseline 0 -16"><span class='ocrx_word' id='word_1_127' title='bbox 162 1395 426 1449; x_wconf 85' lang='lat' dir='ltr'>Quaesitum</span> <span class='ocrx_word' id='word_1_128' title='bbox 453 1406 534 1442; x_wconf 90' lang='lat' dir='ltr'>aut</span> <span class='ocrx_word' id='word_1_129' title='bbox 560 1399 696 1441; x_wconf 84' lang='lat' dir='ltr'>matri</span> <span class='ocrx_word' id='word_1_130' title='bbox 723 1399 881 1442; x_wconf 90' lang='lat' dir='ltr'>multis</span> <span class='ocrx_word' id='word_1_131' title='bbox 904 1396 1140 1441; x_wconf 79' lang='lat' dir='ltr'>balatibus</span> <span class='ocrx_word' id='word_1_132' title='bbox 1164 1411 1338 1456; x_wconf 88' lang='lat' dir='ltr'>agnum</span> 
     </span>
     <span class='ocr_line' id='line_1_21' title="bbox 163 1461 1472 1523; baseline 0.002 -18"><span class='ocrx_word' id='word_1_133' title='bbox 163 1462 366 1506; x_wconf 83' lang='lat' dir='ltr'>Martius</span> <span class='ocrx_word' id='word_1_134' title='bbox 389 1477 414 1506; x_wconf 91' lang='lat' dir='ltr'>a</span> <span class='ocrx_word' id='word_1_135' title='bbox 442 1462 638 1507; x_wconf 84' lang='lat' dir='ltr'>stabulis</span> <span class='ocrx_word' id='word_1_136' title='bbox 661 1462 812 1521; x_wconf 81' lang='lat' dir='ltr'>rapuit</span> <span class='ocrx_word' id='word_1_137' title='bbox 839 1463 996 1523; x_wconf 82' lang='lat' dir='ltr'>lupuS.</span> <span class='ocrx_word' id='word_1_138' title='bbox 1038 1461 1264 1522; x_wconf 87' lang='lat' dir='ltr'>Undique</span> <span class='ocrx_word' id='word_1_139' title='bbox 1291 1462 1472 1507; x_wconf 88' lang='lat' dir='ltr'>clamor</span> 
     </span>
     <span class='ocr_line' id='line_1_22' title="bbox 161 1525 1424 1588; baseline 0.002 -17"><span class='ocrx_word' id='word_1_140' title='bbox 161 1525 398 1574; x_wconf 79' lang='lat' dir='ltr'>Tollitur:</span> <span class='ocrx_word' id='word_1_141' title='bbox 436 1528 682 1582; x_wconf 82' lang='lat' dir='ltr'>invadunt,</span> <span class='ocrx_word' id='word_1_142' title='bbox 708 1537 754 1573; x_wconf 89' lang='lat' dir='ltr'>et</span> <span class='ocrx_word' id='word_1_143' title='bbox 780 1527 927 1573; x_wconf 78' lang='lat' dir='ltr'>fossas</span> <span class='ocrx_word' id='word_1_144' title='bbox 953 1544 1120 1588; x_wconf 77' lang='lat' dir='ltr'>aggere</span> <span class='ocrx_word' id='word_1_145' title='bbox 1147 1528 1424 1588; x_wconf 86' lang='lat' dir='ltr'>complent:</span> 
     </span>
     <span class='ocr_line' id='line_1_23' title="bbox 161 1592 1202 1654; baseline 0.001 -16"><span class='ocrx_word' id='word_1_146' title='bbox 161 1592 398 1639; x_wconf 73' lang='lat' dir='ltr'>Ardentes</span> <span class='ocrx_word' id='word_1_147' title='bbox 426 1594 577 1640; x_wconf 81' lang='lat' dir='ltr'>taedas</span> <span class='ocrx_word' id='word_1_148' title='bbox 602 1593 680 1640; x_wconf 90' lang='lat' dir='ltr'>alii</span> <span class='ocrx_word' id='word_1_149' title='bbox 704 1592 763 1638; x_wconf 87' lang='lat' dir='ltr'>ad</span> <span class='ocrx_word' id='word_1_150' title='bbox 791 1593 978 1654; x_wconf 84' lang='lat' dir='ltr'>fastigia</span> <span class='ocrx_word' id='word_1_151' title='bbox 995 1593 1202 1652; x_wconf 76' lang='lat' dir='ltr'>jactant.</span> 
     </span>
    </p>

    <p class='ocr_par' dir='ltr' id='par_1_3' title="bbox 156 1658 1469 2051">
     <span class='ocr_line' id='line_1_24' title="bbox 224 1658 1469 1721; baseline -0.001 -16"><span class='ocrx_word' id='word_1_152' title='bbox 224 1658 433 1705; x_wconf 77' lang='lat' dir='ltr'>Ilioneus</span> <span class='ocrx_word' id='word_1_153' title='bbox 454 1675 584 1717; x_wconf 88' lang='lat' dir='ltr'>saxo,</span> <span class='ocrx_word' id='word_1_154' title='bbox 607 1667 757 1720; x_wconf 85' lang='lat' dir='ltr'>atque</span> <span class='ocrx_word' id='word_1_155' title='bbox 793 1659 967 1720; x_wconf 83' lang='lat' dir='ltr'>ingenti</span> <span class='ocrx_word' id='word_1_156' title='bbox 1004 1658 1236 1721; x_wconf 81' lang='lat' dir='ltr'>fragmine</span> <span class='ocrx_word' id='word_1_157' title='bbox 1278 1658 1469 1714; x_wconf 75' lang='lat' dir='ltr'>montis,</span> 
     </span>
     <span class='ocr_line' id='line_1_25' title="bbox 159 1724 1468 1787; baseline 0 -17"><span class='ocrx_word' id='word_1_158' title='bbox 159 1724 430 1782; x_wconf 86' lang='lat' dir='ltr'>Lucetium,</span> <span class='ocrx_word' id='word_1_159' title='bbox 457 1736 607 1787; x_wconf 82' lang='lat' dir='ltr'>portae</span> <span class='ocrx_word' id='word_1_160' title='bbox 640 1726 944 1781; x_wconf 81' lang='lat' dir='ltr'>subeuntem,</span> <span class='ocrx_word' id='word_1_161' title='bbox 971 1725 1196 1787; x_wconf 85' lang='lat' dir='ltr'>ignesque</span> <span class='ocrx_word' id='word_1_162' title='bbox 1224 1727 1468 1781; x_wconf 88' lang='lat' dir='ltr'>serentem,</span> 
     </span>
     <span class='ocr_line' id='line_1_26' title="bbox 156 1790 1462 1853; baseline 0.001 -17"><span class='ocrx_word' id='word_1_163' title='bbox 156 1790 439 1837; x_wconf 79' lang='lat' dir='ltr'>Emathiona</span> <span class='ocrx_word' id='word_1_164' title='bbox 465 1792 620 1852; x_wconf 84' lang='lat' dir='ltr'>Liger,</span> <span class='ocrx_word' id='word_1_165' title='bbox 646 1790 917 1838; x_wconf 78' lang='lat' dir='ltr'>Corinaeum</span> <span class='ocrx_word' id='word_1_166' title='bbox 945 1791 1107 1837; x_wconf 77' lang='lat' dir='ltr'>sternit</span> <span class='ocrx_word' id='word_1_167' title='bbox 1137 1792 1334 1853; x_wconf 80' lang='lat' dir='ltr'>Asylas:</span> <span class='ocrx_word' id='word_1_168' title='bbox 1373 1797 1462 1845; x_wconf 85' lang='lat'>571</span> 
     </span>
     <span class='ocr_line' id='line_1_27' title="bbox 158 1856 1347 1917; baseline 0.002 -15"><span class='ocrx_word' id='word_1_169' title='bbox 158 1856 252 1902; x_wconf 85' lang='lat' dir='ltr'>Hic</span> <span class='ocrx_word' id='word_1_170' title='bbox 270 1856 436 1916; x_wconf 87' lang='lat' dir='ltr'>jaculo</span> <span class='ocrx_word' id='word_1_171' title='bbox 465 1858 637 1912; x_wconf 88' lang='lat' dir='ltr'>bonus,</span> <span class='ocrx_word' id='word_1_172' title='bbox 665 1857 738 1903; x_wconf 82' lang='lat' dir='ltr'>hic</span> <span class='ocrx_word' id='word_1_173' title='bbox 765 1858 901 1917; x_wconf 78' lang='lat' dir='ltr'>longe</span> <span class='ocrx_word' id='word_1_174' title='bbox 930 1857 1118 1902; x_wconf 86' lang='lat' dir='ltr'>fallente</span> <span class='ocrx_word' id='word_1_175' title='bbox 1146 1858 1347 1917; x_wconf 46' lang='lat' dir='ltr'>sagitt&amp;</span> 
     </span>
     <span class='ocr_line' id='line_1_28' title="bbox 157 1920 1353 1985; baseline 0.003 -18"><span class='ocrx_word' id='word_1_176' title='bbox 157 1920 412 1985; x_wconf 80' lang='lat' dir='ltr'>Ortygium</span> <span class='ocrx_word' id='word_1_177' title='bbox 441 1923 664 1978; x_wconf 85' lang='lat' dir='ltr'>Caeueus,</span> <span class='ocrx_word' id='word_1_178' title='bbox 689 1923 911 1968; x_wconf 73' lang='lat' dir='ltr'>victorem</span> <span class='ocrx_word' id='word_1_179' title='bbox 939 1923 1111 1969; x_wconf 85' lang='lat' dir='ltr'>Caenea</span> <span class='ocrx_word' id='word_1_180' title='bbox 1136 1922 1353 1971; x_wconf 81' lang='lat' dir='ltr'>Turnus:</span> 
     </span>
     <span class='ocr_line' id='line_1_29' title="bbox 157 1987 1464 2051; baseline 0.001 -18"><span class='ocrx_word' id='word_1_181' title='bbox 157 1987 355 2034; x_wconf 84' lang='lat' dir='ltr'>Turnus</span> <span class='ocrx_word' id='word_1_182' title='bbox 390 1990 515 2051; x_wconf 82' lang='lat' dir='ltr'>Ityn,</span> <span class='ocrx_word' id='word_1_183' title='bbox 551 1988 889 2050; x_wconf 83' lang='lat' dir='ltr'>Cloniumque,</span> <span class='ocrx_word' id='word_1_184' title='bbox 925 1988 1242 2051; x_wconf 82' lang='lat' dir='ltr'>Dioxippum,</span> <span class='ocrx_word' id='word_1_185' title='bbox 1269 1989 1464 2034; x_wconf 89' lang='lat' dir='ltr'>Promu-</span> 
     </span>
    </p>

    <p class='ocr_par' dir='ltr' id='par_1_4' title="bbox 157 2053 1464 2513">
     <span class='ocr_line' id='line_1_30' title="bbox 288 2053 502 2117; baseline 0.005 -18"><span class='ocrx_word' id='word_1_186' title='bbox 288 2053 502 2117; x_wconf 88' lang='lat' dir='ltr'>lumque,</span> 
     </span>
     <span class='ocr_line' id='line_1_31' title="bbox 159 2118 1462 2182; baseline 0.002 -18"><span class='ocrx_word' id='word_1_187' title='bbox 159 2118 220 2164; x_wconf 84' lang='lat' dir='ltr'>Et</span> <span class='ocrx_word' id='word_1_188' title='bbox 238 2120 470 2182; x_wconf 84' lang='lat' dir='ltr'>Sagarim,</span> <span class='ocrx_word' id='word_1_189' title='bbox 486 2128 530 2166; x_wconf 88' lang='lat' dir='ltr'>et</span> <span class='ocrx_word' id='word_1_190' title='bbox 547 2121 742 2166; x_wconf 87' lang='lat' dir='ltr'>summis</span> <span class='ocrx_word' id='word_1_191' title='bbox 760 2127 961 2166; x_wconf 83' lang='lat' dir='ltr'>stantem</span> <span class='ocrx_word' id='word_1_192' title='bbox 981 2136 1068 2182; x_wconf 85' lang='lat' dir='ltr'>pro</span> <span class='ocrx_word' id='word_1_193' title='bbox 1085 2121 1298 2167; x_wconf 89' lang='lat' dir='ltr'>turribus</span> <span class='ocrx_word' id='word_1_194' title='bbox 1315 2121 1462 2172; x_wconf 83' lang='lat' dir='ltr'>Idau:</span> 
     </span>
     <span class='ocr_line' id='line_1_32' title="bbox 158 2184 1462 2249; baseline 0.002 -20"><span class='ocrx_word' id='word_1_195' title='bbox 158 2184 431 2232; x_wconf 86' lang='lat' dir='ltr'>Privernum</span> <span class='ocrx_word' id='word_1_196' title='bbox 461 2188 655 2249; x_wconf 78' lang='lat' dir='ltr'>Capys:</span> <span class='ocrx_word' id='word_1_197' title='bbox 711 2186 838 2232; x_wconf 86' lang='lat' dir='ltr'><strong>hunc</strong></span> <span class='ocrx_word' id='word_1_198' title='bbox 875 2186 1029 2248; x_wconf 73' lang='lat' dir='ltr'>primo</span> <span class='ocrx_word' id='word_1_199' title='bbox 1062 2188 1174 2233; x_wconf 85' lang='lat' dir='ltr'>levis</span> <span class='ocrx_word' id='word_1_200' title='bbox 1212 2188 1344 2233; x_wconf 85' lang='lat' dir='ltr'>hasta</span> <span class='ocrx_word' id='word_1_201' title='bbox 1369 2188 1462 2233; x_wconf 82' lang='lat' dir='ltr'>Te·</span> 
     </span>
     <span class='ocr_line' id='line_1_33' title="bbox 290 2252 433 2298; baseline 0.007 -1"><span class='ocrx_word' id='word_1_202' title='bbox 290 2252 433 2298; x_wconf 82' lang='lat' dir='ltr'>millae</span> 
     </span>
     <span class='ocr_line' id='line_1_34' title="bbox 159 2314 1464 2382; baseline 0 -19"><span class='ocrx_word' id='word_1_203' title='bbox 159 2314 455 2365; x_wconf 82' lang='lat' dir='ltr'>Strinxerat:</span> <span class='ocrx_word' id='word_1_204' title='bbox 494 2318 572 2366; x_wconf 92' lang='lat' dir='ltr'>ille</span> <span class='ocrx_word' id='word_1_205' title='bbox 591 2334 777 2365; x_wconf 87' lang='lat' dir='ltr'>manum</span> <span class='ocrx_word' id='word_1_206' title='bbox 795 2317 1016 2381; x_wconf 87' lang='lat' dir='ltr'>projecto</span> <span class='ocrx_word' id='word_1_207' title='bbox 1037 2318 1245 2382; x_wconf 86' lang='lat' dir='ltr'>tegmine</span> <span class='ocrx_word' id='word_1_208' title='bbox 1266 2319 1464 2364; x_wconf 82' lang='lat' dir='ltr'>demens</span> 
     </span>
     <span class='ocr_line' id='line_1_35' title="bbox 157 2381 1274 2447; baseline 0.004 -21"><span class='ocrx_word' id='word_1_209' title='bbox 157 2381 235 2427; x_wconf 83' lang='lat' dir='ltr'>Ad</span> <span class='ocrx_word' id='word_1_210' title='bbox 264 2383 431 2430; x_wconf 91' lang='lat' dir='ltr'>vulnus</span> <span class='ocrx_word' id='word_1_211' title='bbox 459 2385 602 2432; x_wconf 83' lang='lat' dir='ltr'>tulit:</span> <span class='ocrx_word' id='word_1_212' title='bbox 638 2385 750 2447; x_wconf 79' lang='lat' dir='ltr'>ergo</span> <span class='ocrx_word' id='word_1_213' title='bbox 776 2386 859 2431; x_wconf 90' lang='lat' dir='ltr'>alis</span> <span class='ocrx_word' id='word_1_214' title='bbox 883 2385 1060 2447; x_wconf 85' lang='lat' dir='ltr'>allapsa</span> <span class='ocrx_word' id='word_1_215' title='bbox 1087 2387 1274 2446; x_wconf 79' lang='lat' dir='ltr'>sagitta,</span> 
     </span>
     <span class='ocr_line' id='line_1_36' title="bbox 158 2447 1431 2513; baseline 0.002 -20"><span class='ocrx_word' id='word_1_216' title='bbox 158 2448 222 2494; x_wconf 84' lang='lat' dir='ltr'>Et</span> <span class='ocrx_word' id='word_1_217' title='bbox 247 2447 367 2495; x_wconf 82' lang='lat' dir='ltr'>laevo</span> <span class='ocrx_word' id='word_1_218' title='bbox 393 2449 533 2497; x_wconf 86' lang='lat' dir='ltr'>infixa</span> <span class='ocrx_word' id='word_1_219' title='bbox 558 2459 626 2497; x_wconf 86' lang='lat' dir='ltr'>est</span> <span class='ocrx_word' id='word_1_220' title='bbox 652 2452 783 2498; x_wconf 86' lang='lat' dir='ltr'>lateri</span> <span class='ocrx_word' id='word_1_221' title='bbox 811 2465 994 2511; x_wconf 54' lang='lat' dir='ltr'>manus.</span> <span class='ocrx_word' id='word_1_222' title='bbox 1017 2450 1276 2513; x_wconf 68' lang='lat' dir='ltr'>abditaque</span> <span class='ocrx_word' id='word_1_223' title='bbox 1305 2451 1431 2496; x_wconf 76' lang='lat' dir='ltr'>intus</span> 
     </span>
    </p>
   </div>
  </div>
 </body>
</html>
