<?xml version="1.0" encoding="UTF-8"?>
<!DOCTYPE html PUBLIC "-//W3C//DTD XHTML 1.0 Transitional//EN"
    "http://www.w3.org/TR/xhtml1/DTD/xhtml1-transitional.dtd">
<html xmlns="http://www.w3.org/1999/xhtml" xml:lang="en" lang="en">
 <head>
  <title>
</title>
<meta http-equiv="Content-Type" content="text/html;charset=utf-8" />
  <meta name='ocr-system' content='tesseract 3.04.00' />
  <meta name='ocr-capabilities' content='ocr_page ocr_carea ocr_par ocr_line ocrx_word'/>
</head>
<body>
  <div class='ocr_page' id='page_1' title='image "./operaadfidemopti00virguoft/operaadfidemopti00virguoft_0272.png"; bbox 0 0 1607 2700; ppageno 0'>
   <div class='ocr_carea' id='block_1_1' title="bbox 180 70 1142 119">
    <p class='ocr_par' dir='ltr' id='par_1_1' title="bbox 180 70 1142 119">
     <span class='ocr_line' id='line_1_1' title="bbox 180 70 1142 119; baseline -0.002 0"><span class='ocrx_word' id='word_1_1' title='bbox 180 70 273 119; x_wconf 66' lang='lat'><strong>⁶:63</strong></span> <span class='ocrx_word' id='word_1_2' title='bbox 511 83 557 116; x_wconf 82' lang='lat' dir='ltr'><strong>P.</strong></span> <span class='ocrx_word' id='word_1_3' title='bbox 599 83 848 118; x_wconf 75' lang='lat' dir='ltr'>VIRGILII</span> <span class='ocrx_word' id='word_1_4' title='bbox 879 83 1142 118; x_wconf 63' lang='lat' dir='ltr'><strong>Manoxis</strong></span> 
     </span>
    </p>
   </div>
   <div class='ocr_carea' id='block_1_2' title="bbox 156 203 1503 2538">
    <p class='ocr_par' dir='ltr' id='par_1_2' title="bbox 156 203 1503 2538">
     <span class='ocr_line' id='line_1_2' title="bbox 180 203 1341 265; baseline -0.003 -14"><span class='ocrx_word' id='word_1_5' title='bbox 180 206 307 251; x_wconf 72' lang='lat' dir='ltr'><strong>Ossa</strong></span> <span class='ocrx_word' id='word_1_6' title='bbox 330 219 469 265; x_wconf 76' lang='lat' dir='ltr'><strong>super</strong></span> <span class='ocrx_word' id='word_1_7' title='bbox 494 203 726 250; x_wconf 79' lang='lat' dir='ltr'><strong>recubans</strong></span> <span class='ocrx_word' id='word_1_8' title='bbox 751 213 886 249; x_wconf 88' lang='lat' dir='ltr'><strong>antro</strong></span> <span class='ocrx_word' id='word_1_9' title='bbox 913 220 1097 250; x_wconf 88' lang='lat' dir='ltr'><strong>semesa</strong></span> <span class='ocrx_word' id='word_1_10' title='bbox 1123 210 1341 250; x_wconf 82' lang='lat' dir='ltr'><strong>cruento,</strong></span> 
     </span>
     <span class='ocr_line' id='line_1_3' title="bbox 177 269 1393 333; baseline -0.001 -16"><span class='ocrx_word' id='word_1_11' title='bbox 177 273 282 318; x_wconf 69' lang='lat' dir='ltr'><strong>Nec</strong></span> <span class='ocrx_word' id='word_1_12' title='bbox 309 280 353 316; x_wconf 87' lang='lat' dir='ltr'><strong>te</strong></span> <span class='ocrx_word' id='word_1_13' title='bbox 375 269 481 316; x_wconf 83' lang='lat' dir='ltr'><strong>ullae</strong></span> <span class='ocrx_word' id='word_1_14' title='bbox 502 269 662 325; x_wconf 85' lang='lat' dir='ltr'><strong>facies,</strong></span> <span class='ocrx_word' id='word_1_15' title='bbox 690 287 779 315; x_wconf 86' lang='lat' dir='ltr'><strong>uon</strong></span> <span class='ocrx_word' id='word_1_16' title='bbox 808 271 975 317; x_wconf 89' lang='lat' dir='ltr'><strong>terruit</strong></span> <span class='ocrx_word' id='word_1_17' title='bbox 999 271 1102 331; x_wconf 87' lang='lat' dir='ltr'><strong>ipse</strong></span> <span class='ocrx_word' id='word_1_18' title='bbox 1127 270 1393 333; x_wconf 78' lang='lat' dir='ltr'><strong>Typhoeus</strong></span> 
     </span>
     <span class='ocr_line' id='line_1_4' title="bbox 174 336 1419 398; baseline -0.002 -16"><span class='ocrx_word' id='word_1_19' title='bbox 174 337 388 392; x_wconf 84' lang='lat' dir='ltr'>Arduus,</span> <span class='ocrx_word' id='word_1_20' title='bbox 417 353 549 384; x_wconf 88' lang='lat' dir='ltr'><strong>arma</strong></span> <span class='ocrx_word' id='word_1_21' title='bbox 571 348 733 384; x_wconf 85' lang='lat' dir='ltr'><strong>tenens</strong></span> <span class='ocrx_word' id='word_1_22' title='bbox 755 354 764 383; x_wconf 92' lang='lat'>:</span> <span class='ocrx_word' id='word_1_23' title='bbox 793 353 887 382; x_wconf 91' lang='lat' dir='ltr'><strong>non</strong></span> <span class='ocrx_word' id='word_1_24' title='bbox 908 346 954 382; x_wconf 89' lang='lat' dir='ltr'><strong>te</strong></span> <span class='ocrx_word' id='word_1_25' title='bbox 978 336 1175 383; x_wconf 89' lang='lat' dir='ltr'><strong>rationis</strong></span> <span class='ocrx_word' id='word_1_26' title='bbox 1200 344 1419 398; x_wconf 77' lang='lat' dir='ltr'><strong>egentem</strong></span> 
     </span>
     <span class='ocr_line' id='line_1_5' title="bbox 175 404 1490 465; baseline 0 -15"><span class='ocrx_word' id='word_1_27' title='bbox 175 404 401 450; x_wconf 85' lang='lat' dir='ltr'><strong>Lernaeus</strong></span> <span class='ocrx_word' id='word_1_28' title='bbox 427 405 565 451; x_wconf 72' lang='lat' dir='ltr'><strong>turba</strong></span> <span class='ocrx_word' id='word_1_29' title='bbox 585 405 800 465; x_wconf 87' lang='lat' dir='ltr'><strong>capitum</strong></span> <span class='ocrx_word' id='word_1_30' title='bbox 829 404 1151 450; x_wconf 82' lang='lat' dir='ltr'><strong>circumstetit</strong></span> <span class='ocrx_word' id='word_1_31' title='bbox 1170 404 1353 464; x_wconf 78' lang='lat' dir='ltr'><strong>anguis·</strong></span> <span class='ocrx_word' id='word_1_32' title='bbox 1393 407 1490 450; x_wconf 89' lang='grc'><strong>300</strong></span> 
     </span>
     <span class='ocr_line' id='line_1_6' title="bbox 174 469 1369 531; baseline -0.002 -15"><span class='ocrx_word' id='word_1_33' title='bbox 174 471 328 526; x_wconf 83' lang='lat' dir='ltr'><strong>Salve,</strong></span> <span class='ocrx_word' id='word_1_34' title='bbox 354 487 462 517; x_wconf 76' lang='lat' dir='ltr'><strong>vera</strong></span> <span class='ocrx_word' id='word_1_35' title='bbox 487 471 618 519; x_wconf 86' lang='lat' dir='ltr'><strong>Jovis</strong></span> <span class='ocrx_word' id='word_1_36' title='bbox 646 471 818 531; x_wconf 85' lang='lat' dir='ltr'><strong>proles,</strong></span> <span class='ocrx_word' id='word_1_37' title='bbox 845 469 994 515; x_wconf 83' lang='lat' dir='ltr'><strong>decus</strong></span> <span class='ocrx_word' id='word_1_38' title='bbox 1012 470 1176 517; x_wconf 83' lang='lat' dir='ltr'><strong>addite</strong></span> <span class='ocrx_word' id='word_1_39' title='bbox 1200 470 1334 515; x_wconf 88' lang='lat' dir='ltr'><strong>Divis</strong></span> <span class='ocrx_word' id='word_1_40' title='bbox 1357 486 1369 523; x_wconf 88' lang='lat'><em>;</em></span> 
     </span>
     <span class='ocr_line' id='line_1_7' title="bbox 173 534 1385 596; baseline -0.002 -13"><span class='ocrx_word' id='word_1_41' title='bbox 173 538 234 584; x_wconf 87' lang='lat' dir='ltr'><strong>Et</strong></span> <span class='ocrx_word' id='word_1_42' title='bbox 262 555 358 592; x_wconf 90' lang='lat' dir='ltr'><strong>nos,</strong></span> <span class='ocrx_word' id='word_1_43' title='bbox 381 546 429 584; x_wconf 79' lang='lat' dir='ltr'><strong>et</strong></span> <span class='ocrx_word' id='word_1_44' title='bbox 453 547 533 584; x_wconf 91' lang='lat' dir='ltr'><strong>tua</strong></span> <span class='ocrx_word' id='word_1_45' title='bbox 558 538 724 584; x_wconf 73' lang='lat' dir='ltr'><strong>dexter</strong></span> <span class='ocrx_word' id='word_1_46' title='bbox 744 536 821 581; x_wconf 85' lang='lat' dir='ltr'><strong>adi</strong></span> <span class='ocrx_word' id='word_1_47' title='bbox 848 534 970 596; x_wconf 80' lang='lat' dir='ltr'><strong>pede</strong></span> <span class='ocrx_word' id='word_1_48' title='bbox 996 552 1134 582; x_wconf 89' lang='lat' dir='ltr'><strong>sacra</strong></span> <span class='ocrx_word' id='word_1_49' title='bbox 1158 535 1385 583; x_wconf 85' lang='lat' dir='ltr'><strong>secundo.</strong></span> 
     </span>
     <span class='ocr_line' id='line_1_8' title="bbox 172 601 1405 663; baseline -0.002 -14"><span class='ocrx_word' id='word_1_50' title='bbox 172 605 312 650; x_wconf 85' lang='lat' dir='ltr'><strong>Talia</strong></span> <span class='ocrx_word' id='word_1_51' title='bbox 336 604 623 651; x_wconf 86' lang='lat' dir='ltr'>carminibus</span> <span class='ocrx_word' id='word_1_52' title='bbox 643 602 915 656; x_wconf 85' lang='lat' dir='ltr'><strong>celebrant;</strong></span> <span class='ocrx_word' id='word_1_53' title='bbox 944 618 1086 663; x_wconf 86' lang='lat' dir='ltr'><strong>super</strong></span> <span class='ocrx_word' id='word_1_54' title='bbox 1109 603 1265 648; x_wconf 89' lang='lat' dir='ltr'><strong>omnia</strong></span> <span class='ocrx_word' id='word_1_55' title='bbox 1287 601 1405 649; x_wconf 85' lang='lat' dir='ltr'><strong>Caci</strong></span> 
     </span>
     <span class='ocr_line' id='line_1_9' title="bbox 173 668 1489 734; baseline -0.002 -16"><span class='ocrx_word' id='word_1_56' title='bbox 173 672 460 734; x_wconf 85' lang='lat' dir='ltr'><strong>Speluncam</strong></span> <span class='ocrx_word' id='word_1_57' title='bbox 482 668 1489 731; x_wconf 78' lang='lat' dir='ltr'><strong>adjiciunt,spirantemqueignibusipsum.</strong></span> 
     </span>
     <span class='ocr_line' id='line_1_10' title="bbox 173 735 1492 797; baseline -0.003 -13"><span class='ocrx_word' id='word_1_58' title='bbox 173 739 421 785; x_wconf 81' lang='lat' dir='ltr'>Consonat</span> <span class='ocrx_word' id='word_1_59' title='bbox 476 753 614 782; x_wconf 86' lang='lat' dir='ltr'><strong>omne</strong></span> <span class='ocrx_word' id='word_1_60' title='bbox 638 752 804 782; x_wconf 89' lang='lat' dir='ltr'><strong>nemus</strong></span> <span class='ocrx_word' id='word_1_61' title='bbox 829 735 1048 797; x_wconf 81' lang='lat' dir='ltr'><strong>strepitu,</strong></span> <span class='ocrx_word' id='word_1_62' title='bbox 1077 735 1322 796; x_wconf 86' lang='lat' dir='ltr'><strong>collesque</strong></span> <span class='ocrx_word' id='word_1_63' title='bbox 1346 735 1492 781; x_wconf 91' lang='lat' dir='ltr'><strong>resul-</strong></span> 
     </span>
     <span class='ocr_line' id='line_1_11' title="bbox 239 801 1489 864; baseline -0.002 -14"><span class='ocrx_word' id='word_1_64' title='bbox 239 806 355 850; x_wconf 84' lang='lat' dir='ltr'><strong>Exin</strong></span> <span class='ocrx_word' id='word_1_65' title='bbox 378 819 427 849; x_wconf 88' lang='lat' dir='ltr'><strong>se</strong></span> <span class='ocrx_word' id='word_1_66' title='bbox 453 803 615 850; x_wconf 84' lang='lat' dir='ltr'><strong>cuncti</strong></span> <span class='ocrx_word' id='word_1_67' title='bbox 641 802 813 848; x_wconf 84' lang='lat' dir='ltr'><strong>divinis</strong></span> <span class='ocrx_word' id='word_1_68' title='bbox 832 802 972 848; x_wconf 88' lang='lat' dir='ltr'><strong>rebus</strong></span> <span class='ocrx_word' id='word_1_69' title='bbox 999 801 1059 847; x_wconf 89' lang='lat' dir='ltr'><strong>ad</strong></span> <span class='ocrx_word' id='word_1_70' title='bbox 1081 802 1245 848; x_wconf 89' lang='lat' dir='ltr'><strong>urbem</strong></span> <span class='ocrx_word' id='word_1_71' title='bbox 1351 803 1489 864; x_wconf 89' lang='lat' dir='ltr'><strong>[tant.</strong></span> 
     </span>
     <span class='ocr_line' id='line_1_12' title="bbox 171 868 1288 926; baseline -0.004 -9"><span class='ocrx_word' id='word_1_72' title='bbox 171 870 402 917; x_wconf 81' lang='lat' dir='ltr'><strong>Perfectis</strong></span> <span class='ocrx_word' id='word_1_73' title='bbox 423 870 650 917; x_wconf 88' lang='lat' dir='ltr'><strong>referunt.</strong></span> <span class='ocrx_word' id='word_1_74' title='bbox 722 870 832 915; x_wconf 82' lang='lat' dir='ltr'><strong>Ibat</strong></span> <span class='ocrx_word' id='word_1_75' title='bbox 856 884 934 914; x_wconf 83' lang='lat' dir='ltr'><strong>rex</strong></span> <span class='ocrx_word' id='word_1_76' title='bbox 961 868 1146 915; x_wconf 87' lang='lat' dir='ltr'><strong>obsitus</strong></span> <span class='ocrx_word' id='word_1_77' title='bbox 1170 884 1288 926; x_wconf 88' lang='lat' dir='ltr'><strong>aevo,</strong></span> 
     </span>
     <span class='ocr_line' id='line_1_13' title="bbox 171 936 1369 998; baseline -0.002 -14"><span class='ocrx_word' id='word_1_78' title='bbox 171 939 233 984; x_wconf 85' lang='lat' dir='ltr'><strong>Et</strong></span> <span class='ocrx_word' id='word_1_79' title='bbox 254 936 474 984; x_wconf 82' lang='lat' dir='ltr'><strong>comitem</strong></span> <span class='ocrx_word' id='word_1_80' title='bbox 503 937 698 983; x_wconf 80' lang='lat' dir='ltr'><strong>AEneam</strong></span> <span class='ocrx_word' id='word_1_81' title='bbox 718 937 863 998; x_wconf 76' lang='lat' dir='ltr'><strong>juxta</strong></span> <span class='ocrx_word' id='word_1_82' title='bbox 883 945 1145 997; x_wconf 87' lang='lat' dir='ltr'><strong>natumque</strong></span> <span class='ocrx_word' id='word_1_83' title='bbox 1171 936 1369 982; x_wconf 91' lang='lat' dir='ltr'><strong>tenebat</strong></span> 
     </span>
     <span class='ocr_line' id='line_1_14' title="bbox 170 1003 1351 1064; baseline -0.002 -14"><span class='ocrx_word' id='word_1_84' title='bbox 170 1005 464 1062; x_wconf 71' lang='lat' dir='ltr'><strong>Ingrediens,</strong></span> <span class='ocrx_word' id='word_1_85' title='bbox 495 1005 721 1064; x_wconf 87' lang='lat' dir='ltr'><strong>varioque</strong></span> <span class='ocrx_word' id='word_1_86' title='bbox 749 1004 871 1048; x_wconf 87' lang='lat' dir='ltr'><strong>viam</strong></span> <span class='ocrx_word' id='word_1_87' title='bbox 898 1019 1116 1048; x_wconf 85' lang='lat' dir='ltr'><strong>sermone</strong></span> <span class='ocrx_word' id='word_1_88' title='bbox 1143 1003 1351 1049; x_wconf 86' lang='lat' dir='ltr'><strong>levabat.</strong></span> 
     </span>
     <span class='ocr_line' id='line_1_15' title="bbox 168 1068 1489 1133; baseline -0.002 -16"><span class='ocrx_word' id='word_1_89' title='bbox 168 1071 389 1126; x_wconf 86' lang='lat' dir='ltr'><strong>Miratur,</strong></span> <span class='ocrx_word' id='word_1_90' title='bbox 416 1070 680 1133; x_wconf 76' lang='lat' dir='ltr'><strong>facilesque</strong></span> <span class='ocrx_word' id='word_1_91' title='bbox 706 1070 874 1116; x_wconf 84' lang='lat' dir='ltr'><strong>oculos</strong></span> <span class='ocrx_word' id='word_1_92' title='bbox 899 1068 992 1115; x_wconf 86' lang='lat' dir='ltr'><strong>fert</strong></span> <span class='ocrx_word' id='word_1_93' title='bbox 1011 1069 1166 1115; x_wconf 82' lang='lat' dir='ltr'><strong>onmia</strong></span> <span class='ocrx_word' id='word_1_94' title='bbox 1193 1070 1374 1115; x_wconf 71' lang='lat' dir='ltr'><strong>circiim</strong></span> <span class='ocrx_word' id='word_1_95' title='bbox 1392 1075 1489 1117; x_wconf 85' lang='lat'><strong>310</strong></span> 
     </span>
     <span class='ocr_line' id='line_1_16' title="bbox 168 1136 1276 1199; baseline -0.002 -16"><span class='ocrx_word' id='word_1_96' title='bbox 168 1138 358 1193; x_wconf 72' lang='lat' dir='ltr'><strong>AErmas,</strong></span> <span class='ocrx_word' id='word_1_97' title='bbox 386 1153 492 1199; x_wconf 86' lang='lat' dir='ltr'><strong>cap.</strong></span> <span class='ocrx_word' id='word_1_98' title='bbox 484 1140 672 1198; x_wconf 71' lang='lat' dir='ltr'><strong>{turque</strong></span> <span class='ocrx_word' id='word_1_99' title='bbox 697 1137 831 1192; x_wconf 86' lang='lat' dir='ltr'><strong>locis,</strong></span> <span class='ocrx_word' id='word_1_100' title='bbox 860 1145 908 1182; x_wconf 90' lang='lat' dir='ltr'><strong>et</strong></span> <span class='ocrx_word' id='word_1_101' title='bbox 934 1136 1118 1197; x_wconf 81' lang='lat' dir='ltr'><strong>singula</strong></span> <span class='ocrx_word' id='word_1_102' title='bbox 1138 1136 1276 1182; x_wconf 69' lang='lat' dir='ltr'><strong>laetus</strong></span> 
     </span>
     <span class='ocr_line' id='line_1_17' title="bbox 169 1203 1485 1266; baseline -0.003 -14"><span class='ocrx_word' id='word_1_103' title='bbox 169 1205 484 1266; x_wconf 73' lang='lat' dir='ltr'><strong>Exquiritque</strong></span> <span class='ocrx_word' id='word_1_104' title='bbox 510 1204 738 1266; x_wconf 83' lang='lat' dir='ltr'><strong>auditque</strong></span> <span class='ocrx_word' id='word_1_105' title='bbox 755 1204 904 1250; x_wconf 86' lang='lat' dir='ltr'><strong>virum</strong></span> <span class='ocrx_word' id='word_1_106' title='bbox 926 1210 1236 1249; x_wconf 88' lang='lat' dir='ltr'><strong>monumenta</strong></span> <span class='ocrx_word' id='word_1_107' title='bbox 1257 1203 1485 1265; x_wconf 86' lang='lat' dir='ltr'><strong>priorum.</strong></span> 
     </span>
     <span class='ocr_line' id='line_1_18' title="bbox 167 1269 1376 1326; baseline -0.004 -6.966"><span class='ocrx_word' id='word_1_108' title='bbox 167 1273 295 1319; x_wconf 85' lang='lat' dir='ltr'><strong>Tum</strong></span> <span class='ocrx_word' id='word_1_109' title='bbox 320 1288 400 1318; x_wconf 82' lang='lat' dir='ltr'><strong>rex</strong></span> <span class='ocrx_word' id='word_1_110' title='bbox 430 1271 691 1326; x_wconf 79' lang='lat' dir='ltr'><strong>Evandrus,</strong></span> <span class='ocrx_word' id='word_1_111' title='bbox 720 1271 949 1316; x_wconf 78' lang='lat' dir='ltr'><strong>Romanae</strong></span> <span class='ocrx_word' id='word_1_112' title='bbox 975 1269 1197 1315; x_wconf 84' lang='lat' dir='ltr'><strong>conditor</strong></span> <span class='ocrx_word' id='word_1_113' title='bbox 1221 1269 1376 1315; x_wconf 89' lang='lat' dir='ltr'><strong>arcis:</strong></span> 
     </span>
     <span class='ocr_line' id='line_1_19' title="bbox 234 1335 1488 1399; baseline -0.002 -14"><span class='ocrx_word' id='word_1_114' title='bbox 234 1340 353 1385; x_wconf 86' lang='lat' dir='ltr'><strong>Haec</strong></span> <span class='ocrx_word' id='word_1_115' title='bbox 381 1354 578 1385; x_wconf 84' lang='lat' dir='ltr'><strong>nemora</strong></span> <span class='ocrx_word' id='word_1_116' title='bbox 615 1338 851 1399; x_wconf 71' lang='lat' dir='ltr'><strong>indigenae</strong></span> <span class='ocrx_word' id='word_1_117' title='bbox 877 1335 1024 1383; x_wconf 84' lang='lat' dir='ltr'><strong>Fauni</strong></span> <span class='ocrx_word' id='word_1_118' title='bbox 1051 1336 1393 1398; x_wconf 56' lang='lat' dir='ltr'><strong>Nymphaeque</strong></span> <span class='ocrx_word' id='word_1_119' title='bbox 1417 1344 1488 1382; x_wconf 84' lang='lat' dir='ltr'><strong>te·</strong></span> 
     </span>
     <span class='ocr_line' id='line_1_20' title="bbox 303 1406 502 1460; baseline 0.005 -9"><span class='ocrx_word' id='word_1_120' title='bbox 303 1406 502 1460; x_wconf 85' lang='lat' dir='ltr'><strong>nebant,</strong></span> 
     </span>
     <span class='ocr_line' id='line_1_21' title="bbox 168 1468 1386 1536; baseline -0.004 -16"><span class='ocrx_word' id='word_1_121' title='bbox 168 1474 403 1536; x_wconf 88' lang='lat' dir='ltr'><strong>Gensque</strong></span> <span class='ocrx_word' id='word_1_122' title='bbox 429 1471 583 1519; x_wconf 69' lang='lat' dir='ltr'><strong>virum</strong></span> <span class='ocrx_word' id='word_1_123' title='bbox 610 1470 793 1517; x_wconf 86' lang='lat' dir='ltr'><strong>truncis</strong></span> <span class='ocrx_word' id='word_1_124' title='bbox 819 1479 867 1516; x_wconf 83' lang='lat' dir='ltr'><strong>ct</strong></span> <span class='ocrx_word' id='word_1_125' title='bbox 892 1468 1014 1516; x_wconf 88' lang='lat' dir='ltr'><strong>duro</strong></span> <span class='ocrx_word' id='word_1_126' title='bbox 1040 1469 1216 1515; x_wconf 86' lang='lat' dir='ltr'><strong>robore</strong></span> <span class='ocrx_word' id='word_1_127' title='bbox 1242 1477 1353 1516; x_wconf 85' lang='lat' dir='ltr'><strong>nata</strong></span> <span class='ocrx_word' id='word_1_128' title='bbox 1375 1486 1386 1515; x_wconf 90' lang='lat'>:</span> 
     </span>
     <span class='ocr_line' id='line_1_22' title="bbox 168 1537 1489 1600; baseline -0.002 -15"><span class='ocrx_word' id='word_1_129' title='bbox 168 1541 316 1596; x_wconf 86' lang='lat' dir='ltr'><strong>Queis</strong></span> <span class='ocrx_word' id='word_1_130' title='bbox 343 1556 501 1600; x_wconf 88' lang='lat' dir='ltr'><strong>neque</strong></span> <span class='ocrx_word' id='word_1_131' title='bbox 526 1555 646 1595; x_wconf 64' lang='grc'><strong>11105,</strong></span> <span class='ocrx_word' id='word_1_132' title='bbox 675 1554 832 1599; x_wconf 88' lang='lat' dir='ltr'><strong>neque</strong></span> <span class='ocrx_word' id='word_1_133' title='bbox 858 1537 1015 1583; x_wconf 87' lang='lat' dir='ltr'><strong>cultus</strong></span> <span class='ocrx_word' id='word_1_134' title='bbox 1032 1544 1155 1592; x_wconf 79' lang='lat' dir='ltr'><strong>erat3</strong></span> <span class='ocrx_word' id='word_1_135' title='bbox 1182 1537 1489 1599; x_wconf 83' lang='lat' dir='ltr'><strong>necjungere</strong></span> 
     </span>
     <span class='ocr_line' id='line_1_23' title="bbox 300 1615 482 1662; baseline -0.005 -9"><span class='ocrx_word' id='word_1_136' title='bbox 300 1615 482 1662; x_wconf 87' lang='lat' dir='ltr'><strong>tauros,</strong></span> 
     </span>
     <span class='ocr_line' id='line_1_24' title="bbox 164 1672 1453 1735; baseline -0.005 -14"><span class='ocrx_word' id='word_1_137' title='bbox 164 1677 267 1721; x_wconf 85' lang='lat' dir='ltr'><strong>Aut</strong></span> <span class='ocrx_word' id='word_1_138' title='bbox 290 1689 577 1735; x_wconf 85' lang='lat' dir='ltr'><strong>componere</strong></span> <span class='ocrx_word' id='word_1_139' title='bbox 598 1687 714 1732; x_wconf 88' lang='lat' dir='ltr'><strong>opes</strong></span> <span class='ocrx_word' id='word_1_140' title='bbox 741 1672 927 1726; x_wconf 76' lang='lat' dir='ltr'><strong>norant,</strong></span> <span class='ocrx_word' id='word_1_141' title='bbox 955 1679 1039 1716; x_wconf 86' lang='lat' dir='ltr'><strong>aut</strong></span> <span class='ocrx_word' id='word_1_142' title='bbox 1064 1685 1259 1731; x_wconf 80' lang='lat' dir='ltr'><strong>parcere</strong></span> <span class='ocrx_word' id='word_1_143' title='bbox 1284 1677 1453 1731; x_wconf 87' lang='lat' dir='ltr'><strong>parto;</strong></span> 
     </span>
     <span class='ocr_line' id='line_1_25' title="bbox 168 1736 1328 1801; baseline -0.003 -15"><span class='ocrx_word' id='word_1_144' title='bbox 168 1741 261 1787; x_wconf 81' lang='lat' dir='ltr'><strong>Sed</strong></span> <span class='ocrx_word' id='word_1_145' title='bbox 289 1740 421 1796; x_wconf 88' lang='lat' dir='ltr'><strong>rami,</strong></span> <span class='ocrx_word' id='word_1_146' title='bbox 445 1749 589 1801; x_wconf 86' lang='lat' dir='ltr'><strong>atque</strong></span> <span class='ocrx_word' id='word_1_147' title='bbox 615 1754 755 1800; x_wconf 88' lang='lat' dir='ltr'><strong>asper</strong></span> <span class='ocrx_word' id='word_1_148' title='bbox 781 1739 911 1783; x_wconf 82' lang='lat' dir='ltr'><strong>victu</strong></span> <span class='ocrx_word' id='word_1_149' title='bbox 938 1746 1131 1783; x_wconf 86' lang='lat' dir='ltr'><strong>venatus</strong></span> <span class='ocrx_word' id='word_1_150' title='bbox 1153 1736 1328 1782; x_wconf 89' lang='lat' dir='ltr'><strong>alebat.</strong></span> 
     </span>
     <span class='ocr_line' id='line_1_26' title="bbox 168 1803 1329 1866; baseline -0.005 -12"><span class='ocrx_word' id='word_1_151' title='bbox 168 1807 354 1854; x_wconf 86' lang='lat' dir='ltr'><strong>Primus</strong></span> <span class='ocrx_word' id='word_1_152' title='bbox 380 1808 440 1853; x_wconf 89' lang='lat' dir='ltr'><strong>ab</strong></span> <span class='ocrx_word' id='word_1_153' title='bbox 468 1807 674 1852; x_wconf 65' lang='lat' dir='ltr'><strong>aethereo</strong></span> <span class='ocrx_word' id='word_1_154' title='bbox 698 1804 826 1850; x_wconf 85' lang='lat' dir='ltr'><strong>venit</strong></span> <span class='ocrx_word' id='word_1_155' title='bbox 851 1805 1084 1851; x_wconf 84' lang='lat' dir='ltr'><strong>Saturnus</strong></span> <span class='ocrx_word' id='word_1_156' title='bbox 1113 1803 1329 1866; x_wconf 73' lang='lat' dir='ltr'><strong>Olympo</strong></span> 
     </span>
     <span class='ocr_line' id='line_1_27' title="bbox 168 1868 1488 1933; baseline -0.003 -13"><span class='ocrx_word' id='word_1_157' title='bbox 168 1879 314 1921; x_wconf 80' lang='lat' dir='ltr'><strong>Arma</strong></span> <span class='ocrx_word' id='word_1_158' title='bbox 336 1873 468 1922; x_wconf 79' lang='lat' dir='ltr'><strong>Jovis</strong></span> <span class='ocrx_word' id='word_1_159' title='bbox 494 1872 697 1933; x_wconf 80' lang='lat' dir='ltr'><strong>fugiens,</strong></span> <span class='ocrx_word' id='word_1_160' title='bbox 720 1880 769 1918; x_wconf 92' lang='lat' dir='ltr'><strong>et</strong></span> <span class='ocrx_word' id='word_1_161' title='bbox 785 1871 937 1933; x_wconf 84' lang='lat' dir='ltr'><strong>regnis</strong></span> <span class='ocrx_word' id='word_1_162' title='bbox 957 1870 1065 1917; x_wconf 81' lang='lat' dir='ltr'><strong>exul</strong></span> <span class='ocrx_word' id='word_1_163' title='bbox 1090 1868 1309 1917; x_wconf 85' lang='lat' dir='ltr'><strong>ademtiS.</strong></span> <span class='ocrx_word' id='word_1_164' title='bbox 1391 1876 1488 1919; x_wconf 76' lang='lat'><strong>320</strong></span> 
     </span>
     <span class='ocr_line' id='line_1_28' title="bbox 169 1936 1388 2003; baseline -0.004 -16"><span class='ocrx_word' id='word_1_165' title='bbox 169 1942 217 1987; x_wconf 91' lang='lat' dir='ltr'><strong>Is</strong></span> <span class='ocrx_word' id='word_1_166' title='bbox 238 1957 383 2003; x_wconf 85' lang='lat' dir='ltr'><strong>genus</strong></span> <span class='ocrx_word' id='word_1_167' title='bbox 411 1939 615 1986; x_wconf 81' lang='lat' dir='ltr'><strong>indocile</strong></span> <span class='ocrx_word' id='word_1_168' title='bbox 640 1955 696 1985; x_wconf 87' lang='lat' dir='ltr'><strong>ac</strong></span> <span class='ocrx_word' id='word_1_169' title='bbox 722 1938 990 2000; x_wconf 88' lang='lat' dir='ltr'><strong>dispersum</strong></span> <span class='ocrx_word' id='word_1_170' title='bbox 1018 1937 1259 1984; x_wconf 85' lang='lat' dir='ltr'><strong>montibus</strong></span> <span class='ocrx_word' id='word_1_171' title='bbox 1281 1936 1388 1983; x_wconf 89' lang='lat' dir='ltr'><strong>altis</strong></span> 
     </span>
     <span class='ocr_line' id='line_1_29' title="bbox 171 2003 1423 2071; baseline -0.004 -17"><span class='ocrx_word' id='word_1_172' title='bbox 171 2008 474 2071; x_wconf 88' lang='lat' dir='ltr'><strong>Composuit,</strong></span> <span class='ocrx_word' id='word_1_173' title='bbox 493 2008 714 2068; x_wconf 85' lang='lat' dir='ltr'><strong>legesque</strong></span> <span class='ocrx_word' id='word_1_174' title='bbox 741 2005 905 2059; x_wconf 88' lang='lat' dir='ltr'><strong>dedit;</strong></span> <span class='ocrx_word' id='word_1_175' title='bbox 947 2004 1230 2066; x_wconf 88' lang='lat' dir='ltr'><strong>Latiumque</strong></span> <span class='ocrx_word' id='word_1_176' title='bbox 1261 2003 1423 2050; x_wconf 84' lang='lat' dir='ltr'><strong>vocari</strong></span> 
     </span>
     <span class='ocr_line' id='line_1_30' title="bbox 170 2070 1321 2135; baseline -0.004 -14"><span class='ocrx_word' id='word_1_177' title='bbox 170 2075 358 2131; x_wconf 89' lang='lat' dir='ltr'><strong>Maluit,</strong></span> <span class='ocrx_word' id='word_1_178' title='bbox 387 2074 458 2120; x_wconf 87' lang='lat' dir='ltr'><strong>his</strong></span> <span class='ocrx_word' id='word_1_179' title='bbox 486 2073 712 2135; x_wconf 88' lang='lat' dir='ltr'><strong>quoniam</strong></span> <span class='ocrx_word' id='word_1_180' title='bbox 736 2072 955 2118; x_wconf 88' lang='lat' dir='ltr'><strong>latuisset</strong></span> <span class='ocrx_word' id='word_1_181' title='bbox 980 2079 1113 2118; x_wconf 88' lang='lat' dir='ltr'><strong>tutus</strong></span> <span class='ocrx_word' id='word_1_182' title='bbox 1139 2070 1184 2116; x_wconf 90' lang='lat' dir='ltr'><strong>in</strong></span> <span class='ocrx_word' id='word_1_183' title='bbox 1209 2070 1321 2119; x_wconf 87' lang='lat' dir='ltr'><strong>oris.</strong></span> 
     </span>
     <span class='ocr_line' id='line_1_31' title="bbox 156 2136 1336 2203; baseline -0.005 -15"><span class='ocrx_word' id='word_1_184' title='bbox 156 2144 346 2198; x_wconf 79' lang='lat' dir='ltr'><strong>Aurea,</strong></span> <span class='ocrx_word' id='word_1_185' title='bbox 371 2156 480 2203; x_wconf 85' lang='lat' dir='ltr'><strong>quae</strong></span> <span class='ocrx_word' id='word_1_186' title='bbox 501 2140 631 2201; x_wconf 81' lang='lat' dir='ltr'><strong>perhi</strong></span> <span class='ocrx_word' id='word_1_187' title='bbox 622 2139 769 2196; x_wconf 83' lang='lat' dir='ltr'><strong>ibent</strong></span> <span class='ocrx_word' id='word_1_188' title='bbox 793 2140 870 2185; x_wconf 88' lang='lat' dir='ltr'><strong>illo</strong></span> <span class='ocrx_word' id='word_1_189' title='bbox 896 2139 987 2185; x_wconf 89' lang='lat' dir='ltr'><strong>sub</strong></span> <span class='ocrx_word' id='word_1_190' title='bbox 1012 2154 1120 2198; x_wconf 79' lang='lat' dir='ltr'><strong>rege</strong></span> <span class='ocrx_word' id='word_1_191' title='bbox 1145 2136 1336 2183; x_wconf 90' lang='lat' dir='ltr'><strong>fuerunt</strong></span> 
     </span>
     <span class='ocr_line' id='line_1_32' title="bbox 172 2204 1388 2269; baseline -0.003 -15"><span class='ocrx_word' id='word_1_192' title='bbox 172 2208 359 2254; x_wconf 83' lang='lat' dir='ltr'><strong>Saecula</strong></span> <span class='ocrx_word' id='word_1_193' title='bbox 381 2224 392 2261; x_wconf 90' lang='lat'>;</span> <span class='ocrx_word' id='word_1_194' title='bbox 419 2208 487 2253; x_wconf 85' lang='lat' dir='ltr'><strong>sic</strong></span> <span class='ocrx_word' id='word_1_195' title='bbox 508 2205 705 2269; x_wconf 72' lang='lat' dir='ltr'><strong>placida</strong></span> <span class='ocrx_word' id='word_1_196' title='bbox 732 2205 937 2269; x_wconf 82' lang='lat' dir='ltr'><strong>populos</strong></span> <span class='ocrx_word' id='word_1_197' title='bbox 963 2206 1012 2251; x_wconf 89' lang='lat' dir='ltr'><strong>in</strong></span> <span class='ocrx_word' id='word_1_198' title='bbox 1037 2220 1153 2265; x_wconf 86' lang='lat' dir='ltr'><strong>pace</strong></span> <span class='ocrx_word' id='word_1_199' title='bbox 1175 2204 1388 2265; x_wconf 84' lang='lat' dir='ltr'><strong>regebat.</strong></span> 
     </span>
     <span class='ocr_line' id='line_1_33' title="bbox 171 2271 1287 2336; baseline -0.004 -15"><span class='ocrx_word' id='word_1_200' title='bbox 171 2275 396 2322; x_wconf 88' lang='lat' dir='ltr'><strong>Deterior</strong></span> <span class='ocrx_word' id='word_1_201' title='bbox 420 2273 574 2320; x_wconf 89' lang='lat' dir='ltr'><strong>donec</strong></span> <span class='ocrx_word' id='word_1_202' title='bbox 600 2273 831 2335; x_wconf 86' lang='lat' dir='ltr'><strong>paulatim</strong></span> <span class='ocrx_word' id='word_1_203' title='bbox 859 2288 915 2319; x_wconf 86' lang='lat' dir='ltr'><strong>ac</strong></span> <span class='ocrx_word' id='word_1_204' title='bbox 939 2271 1129 2336; x_wconf 59' lang='lat' dir='ltr'><strong>decolor</strong></span> <span class='ocrx_word' id='word_1_205' title='bbox 1157 2279 1287 2325; x_wconf 66' lang='lat' dir='ltr'><strong>zetas,</strong></span> 
     </span>
     <span class='ocr_line' id='line_1_34' title="bbox 172 2336 1297 2396; baseline -0.006 -8"><span class='ocrx_word' id='word_1_206' title='bbox 172 2342 238 2387; x_wconf 89' lang='lat' dir='ltr'><strong>Et</strong></span> <span class='ocrx_word' id='word_1_207' title='bbox 262 2341 377 2388; x_wconf 90' lang='lat' dir='ltr'><strong>belli</strong></span> <span class='ocrx_word' id='word_1_208' title='bbox 403 2340 574 2396; x_wconf 87' lang='lat' dir='ltr'><strong>rabies,</strong></span> <span class='ocrx_word' id='word_1_209' title='bbox 597 2348 644 2386; x_wconf 87' lang='lat' dir='ltr'><strong>et</strong></span> <span class='ocrx_word' id='word_1_210' title='bbox 660 2355 791 2385; x_wconf 87' lang='lat' dir='ltr'><strong>amor</strong></span> <span class='ocrx_word' id='word_1_211' title='bbox 817 2338 1045 2386; x_wconf 90' lang='lat' dir='ltr'><strong>successit</strong></span> <span class='ocrx_word' id='word_1_212' title='bbox 1070 2336 1297 2383; x_wconf 86' lang='lat' dir='ltr'><strong>habendi.</strong></span> 
     </span>
     <span class='ocr_line' id='line_1_35' title="bbox 171 2401 1503 2468; baseline -0.004 -14"><span class='ocrx_word' id='word_1_213' title='bbox 171 2408 301 2454; x_wconf 88' lang='lat' dir='ltr'><strong>Tum</strong></span> <span class='ocrx_word' id='word_1_214' title='bbox 326 2423 491 2455; x_wconf 80' lang='lat' dir='ltr'><strong>manus</strong></span> <span class='ocrx_word' id='word_1_215' title='bbox 520 2407 761 2461; x_wconf 87' lang='lat' dir='ltr'><strong>Ausoniae,</strong></span> <span class='ocrx_word' id='word_1_216' title='bbox 794 2414 841 2452; x_wconf 87' lang='lat' dir='ltr'><strong>et</strong></span> <span class='ocrx_word' id='word_1_217' title='bbox 866 2412 1029 2468; x_wconf 84' lang='lat' dir='ltr'><strong>gentes</strong></span> <span class='ocrx_word' id='word_1_218' title='bbox 1049 2401 1215 2450; x_wconf 58' lang='lat' dir='ltr'><strong>Venere</strong></span> <span class='ocrx_word' id='word_1_219' title='bbox 1242 2404 1453 2458; x_wconf 80' lang='lat' dir='ltr'><strong>Sicanae;</strong></span> <span class='ocrx_word' id='word_1_220' title='bbox 1498 2437 1503 2441; x_wconf 82' lang='lat'>-</span> 
     </span>
     <span class='ocr_line' id='line_1_36' title="bbox 174 2470 1224 2538; baseline -0.006 -16"><span class='ocrx_word' id='word_1_221' title='bbox 174 2475 358 2538; x_wconf 75' lang='lat' dir='ltr'><strong>Saepius</strong></span> <span class='ocrx_word' id='word_1_222' title='bbox 383 2483 429 2522; x_wconf 87' lang='lat' dir='ltr'><strong>et</strong></span> <span class='ocrx_word' id='word_1_223' title='bbox 453 2490 622 2521; x_wconf 87' lang='lat' dir='ltr'><strong>nomen</strong></span> <span class='ocrx_word' id='word_1_224' title='bbox 643 2474 806 2536; x_wconf 89' lang='lat' dir='ltr'><strong>posuit</strong></span> <span class='ocrx_word' id='word_1_225' title='bbox 825 2472 1042 2521; x_wconf 85' lang='lat' dir='ltr'><strong>Saturnia</strong></span> <span class='ocrx_word' id='word_1_226' title='bbox 1068 2470 1224 2518; x_wconf 87' lang='lat' dir='ltr'><strong>tellus.</strong></span> 
     </span>
    </p>
   </div>
  </div>
 </body>
</html>
