1586 2704
127 56 224 99 340
461 66 510 99 P.
549 63 796 98 vinoun
838 65 1097 99 MARONis

134 178 381 240 Oppetiit;
420 178 656 225 devictam
683 179 842 225 Asiam
869 178 1079 224 subsedit
1103 178 1303 226 adulter.

131 243 364 289 Invidisse
391 245 537 300 Deos,
566 245 725 305 patriis
755 253 805 291 ut
830 245 1044 290 redditus
1072 247 1161 290 oris

130 309 420 370 Conjugium
443 319 658 372 optatum
686 319 732 356 et
759 311 1004 372 pulchram
1023 310 1269 373 Calydona
1293 310 1426 358 vide-

262 391 357 421 reui
379 377 398 422 ’.Ῐ

129 440 273 487 Nunc
291 443 430 487 etiam
445 441 651 487 horribili
669 442 770 487 visu
792 448 1010 504 portenta
1033 451 1307 503 sequuntur,
1330 450 1421 499 271

133 506 194 551 Et
221 506 335 552 socii
357 508 511 552 amissi
537 508 777 570 petierunt
803 508 977 553 aethera
1006 508 1190 568 pennis,

132 571 522 633 Fluminibusque
548 582 780 634 vagantur
805 589 913 619 aves
938 573 1049 631 (heu
1076 573 1174 619 dira
1215 590 1425 621 meorum

132 638 378 700 Supplicia
397 640 431 696 Ξ)
468 647 518 685 et
555 639 777 700 scopulos
813 639 1089 702 lacrymosis
1117 640 1307 685 vocibus
1337 640 1425 687 im-

262 704 408 765 pleut.

131 769 249 815 Haec
274 771 394 816 adeo
418 787 473 816 ex
501 771 579 816 illo
605 770 715 816 mihi
735 770 833 831 jam
863 770 1097 831 speranda
1122 770 1311 818 fuerunt

129 836 391 898 Tempore,
417 839 524 882 curn
552 837 671 882 ferro
697 837 903 883 coelestia
932 853 1136 899 corpora
1160 838 1356 885 demens

129 903 341 964 Appetii,
367 912 412 949 et
439 904 630 949 Veneris
656 902 827 948 violavi
854 903 1039 950 vulnere
1063 903 1295 951 dextram.

129 967 202 1012 Ne
228 968 356 1024 vero,
385 986 442 1015 ue
471 986 541 1014 me
567 969 625 1015 ad
654 970 770 1015 tales
798 970 1025 1030 impellite
1050 986 1248 1034 pugn-ag.

128 1033 230 1079 Nec
258 1034 369 1080 mihi
394 1052 500 1080 cum
527 1036 725 1082 Teucris
751 1035 896 1081 ullum
924 1044 1032 1097 post
1055 1044 1186 1082 eruta
1216 1036 1390 1083 bellum

129 1100 382 1159 Pergama;
413 1119 497 1147 nec
526 1111 733 1148 veterum
763 1102 948 1147 memini
968 1102 1158 1148 laetorve
1180 1103 1424 1149 malorum.

130 1167 348 1224 Munera,
375 1184 482 1227 quae
508 1167 673 1229 patriis
700 1167 758 1213 ad
786 1184 856 1213 me
885 1169 1081 1228 portatis
1109 1168 1168 1213 ab
1194 1169 1302 1224 oriS‚
1329 1176 1419 1215 281

127 1233 310 1279 Vertite
332 1233 390 1279 ad
418 1235 628 1280 AEneam.
700 1235 929 1282 Stetimus
951 1235 1044 1280 tela
1062 1250 1227 1295 aspera
1243 1243 1425 1290 contra,

129 1298 522 1361 Contulimusque
551 1316 739 1346 manus:
779 1311 973 1360 experto
1001 1301 1195 1355 credite,
1219 1310 1424 1362 quantus

128 1365 182 1410 In
194 1365 412 1427 clypeum
431 1376 660 1427 assurgat,
676 1383 771 1429 quo
788 1366 971 1413 turbine
990 1374 1211 1428 torqueat
1225 1369 1424 1414 hastam.

128 1430 177 1477 Si
203 1431 298 1477 duo
326 1441 553 1494 praeterea
581 1434 696 1479 tales
719 1434 850 1480 ldaea
875 1433 1055 1479 tulisset

127 1497 276 1544 Terra
302 1500 445 1555 viros,
473 1499 595 1544 ultro
623 1500 836 1546 Inachias
865 1500 1066 1546 venisset
1089 1497 1146 1545 ad
1178 1498 1314 1545 urbes

127 1563 398 1621 Dardanus,
424 1572 471 1610 et
497 1565 636 1610 versis
658 1566 838 1627 lugeret
865 1567 1054 1611 Graecia
1081 1564 1204 1611 fatis.

128 1630 371 1691 Quicquid
397 1631 522 1691 apud
551 1631 682 1678 durae
709 1639 942 1678 cessatum
960 1640 1030 1677 est
1052 1631 1220 1676 moeuia
1245 1629 1421 1690 Trojae,

128 1695 372 1752 Hectoris,
399 1697 652 1757 AEueaeque
678 1713 818 1743 manu
843 1697 1038 1743 victoria
1065 1696 1258 1743 Graium

129 1761 302 1819 Haesit,
330 1772 378 1808 et
403 1763 445 1808 iu
472 1761 711 1809 decimum
731 1764 919 1822 vestigia
935 1764 1098 1810 retulit
1120 1769 1416 1818 annun1.290

128 1829 286 1873 Ambo
314 1829 498 1886 animis,
525 1829 667 1875 ambo
692 1830 893 1890 insigues
913 1827 1244 1891 praestantibus
1261 1829 1397 1874 armis

130 1894 223 1940 Hic
251 1894 426 1955 pietate
453 1896 593 1955 prior.
666 1897 846 1943 Cot-*iant
871 1898 913 1941 iu
941 1895 1113 1941 foedera
1141 1894 1334 1948 dextrae,

130 1959 239 2013 Qua
265 1960 429 2012 datum
469 1972 556 2017 ast,
584 1963 724 2007 armis
751 1970 1037 2008 concurrant
1060 1977 1210 2015 arma,
1237 1970 1417 2007 cavete.

128 2026 189 2072 Et
215 2043 440 2088 responsa
465 2027 603 2073 simul
631 2045 737 2089 quae
755 2029 864 2085 sint,
889 2044 967 2074 rex
992 2028 1189 2089 optime,
1217 2027 1360 2085 regis,

127 2093 333 2149 Audisti,
359 2101 406 2140 et
434 2111 538 2154 quae
567 2094 624 2140 sit
647 2111 813 2156 magno
840 2095 1073 2141 sententia
1100 2093 1237 2138 bello.

195 2158 283 2203 Vix
303 2175 356 2204 ea
381 2160 554 2223 legati,
594 2162 844 2222 variusque
865 2177 949 2223 per
967 2176 1049 2206 ora
1073 2160 1277 2206 cucurrit

129 2224 428 2271 Ausonidum
459 2227 649 2272 turbata
677 2226 882 2283 frenior;
922 2243 1010 2273 ceu
1036 2242 1151 2273 saxa
1177 2235 1423 2272 morantur

129 2289 250 2336 Cum
277 2291 467 2352 rapidos
493 2309 671 2349 amnes,
700 2294 859 2340 clauso
884 2291 937 2340 fit
961 2294 1143 2354 gurgite
1171 2309 1396 2350 murmur,

129 2356 404 2418 Vicinaeque
424 2356 630 2404 fremunt
658 2359 771 2421 ripae
798 2359 1139 2422 crepitantibus
1167 2360 1321 2405 undis.

195 2423 259 2469 Ut
281 2423 484 2483 primum
518 2423 690 2486 placati
717 2426 873 2480 animi,
901 2434 949 2472 et
975 2424 1159 2488 trepida
1180 2442 1260 2473 ora
1288 2425 1419 2488 quie-

265 2498 395 2544 runt;
