1614 2694
171 79 232 119 ‘22
475 83 520 118 P.
560 84 805 118 vanan
847 85 1112 121 MARONIS

171 176 432 223 Posthabui
458 185 612 223 tamen
639 177 826 223 illorum
853 195 957 225 mea
981 179 1101 225 seria
1125 178 1259 226 ludo,

171 244 379 288 Alternis
403 244 544 304 igitur
567 244 858 290 contendere
887 244 1097 291 versibus
1122 245 1268 291 ambo

171 309 398 370 Coepere:
435 310 641 356 alternos
667 311 821 356 Musae
851 310 1116 357 meminisse
1141 311 1382 359 volebant.

176 376 274 421 Hos
296 375 537 438 Corydon,
563 376 667 422 illos
682 376 915 422 referebat
932 376 976 421 in
993 376 1157 422 ordine
1173 378 1392 439 Thyrsis.
1411 384 1475 427 220

171 453 299 489 COR.
335 442 595 504 Nymphae,
634 450 788 488 noster
835 458 984 499 amor,
1023 443 1353 491 Libethrides:
1392 453 1472 491 aut

308 508 422 554 mihi
445 525 648 562 carmen,

170 573 323 628 Quale
347 591 453 620 meo
481 575 658 630 Codro,
685 573 963 628 concedite;
1002 574 1215 635 proxima
1239 575 1407 622 Phoebi

167 639 393 686 Versibus
418 641 493 687 ille
518 640 660 687 facit:
697 649 780 687 aut
806 640 845 686 si
872 657 963 685 non
991 657 1243 702 possumus
1267 658 1449 697 01111105,

166 706 260 753 Hic
284 714 452 767 arguta
476 708 611 753 sacr-21
636 701 866 769 pendebit
891 705 1050 752 fistula
1075 707 1207 767 pinu.

165 784 263 820 TH.
300 774 538 829 Pastores,
562 773 732 819 hedera
756 783 1042 819 crescentem
1071 782 1234 819 ornate
1260 780 1469 835 poetam,

165 839 399 896 Arcades,
426 840 599 885 invidia
625 848 905 900 rumpantur
930 848 980 885 111
1006 840 1084 884 ilia
1111 840 1288 885 Codro.

164 906 280 960 Aut,
306 905 345 951 si
371 907 491 952 ultra
515 905 739 967 placitum
767 906 990 962 laudarit,
1020 907 1218 952 baccare
1244 906 1448 953 frontem

166 971 368 1033 Cingite,
393 989 450 1020 ne
475 973 569 1018 vati
593 981 763 1019 noceat
792 973 917 1018 mala
946 973 1101 1034 lingua
1127 971 1305 1019 futuro.

167 1051 294 1085 COR.
332 1039 487 1085 Setosi
509 1047 656 1100 caput
683 1040 773 1084 hoc
798 1038 900 1101 apri
927 1039 1029 1095 tibi,
1054 1039 1206 1094 Delia,
1233 1055 1404 1101 parvus

165 1105 226 1150 Et
251 1121 434 1152 ramosa
459 1107 636 1168 Mycon
665 1105 839 1152 vivacis
864 1121 1044 1152 cornua
1070 1105 1213 1152 cervi.
1407 1112 1471 1154 30

165 1171 214 1217 Si
239 1172 486 1234 proprium
515 1173 607 1217 hoc
633 1172 786 1227 fuerit,
817 1172 908 1219 levi
932 1171 988 1218 de
1014 1188 1243 1218 marmore
1271 1179 1369 1218 tota

162 1236 375 1285 Puniceo
397 1238 539 1284 stabis
565 1254 695 1284 suras
720 1239 907 1285 evincta
933 1239 1188 1284 cothurno.

164 1316 260 1350 TH.
299 1305 463 1351 Sinum
483 1305 636 1359 lactis,
662 1314 709 1351 et
735 1306 838 1351 haec
859 1312 903 1352 te
924 1305 1035 1361 liba,
1057 1305 1242 1366 Priape,
1267 1314 1471 1367 quotan-

163 1371 456 1434 Exspectare
481 1380 554 1418 sat
577 1381 677 1416 est:
716 1380 877 1417 0115105
898 1389 947 1418 05
969 1372 1188 1433 pauperis
1210 1372 1353 1418 horti.
1381 1373 1470 1434 [nis

163 1437 307 1483 Nunc
329 1448 373 1483 te
394 1453 704 1484 marmoreum
728 1454 815 1499 pro
836 1445 1048 1499 ternpore
1070 1437 1269 1484 fecimus
1289 1456 1301 1494 ;
1330 1447 1380 1485 at
1401 1448 1469 1492 tu,

163 1504 209 1549 Si
235 1503 407 1550 foetura
430 1520 615 1565 gregem
643 1504 952 1565 suppleverit,
976 1520 1144 1550 aurens
1169 1514 1289 1550 esto.

164 1582 251 1615 co.
287 1570 464 1616 Nerine
489 1570 707 1625 Galatea,
734 1571 897 1632 thymo
923 1570 1037 1616 mihi
1063 1570 1251 1616 dulcior
1277 1570 1469 1633 Hyblae,

163 1635 424 1683 Candidior
449 1637 629 1699 cycnis,
658 1635 831 1682 hedera
856 1636 1108 1683 formosior
1131 1636 1237 1682 alba
1260 1652 1270 1682 ε

162 1702 282 1748 Cum
312 1702 520 1765 primum
545 1703 666 1763 pasti
692 1711 907 1764 repetent
931 1705 1165 1765 praesepia
1190 1702 1330 1759 tauri,

163 1768 213 1815 Si
236 1785 330 1831 qua
353 1770 422 1815 tui
450 1768 717 1831 Corydonis
745 1769 889 1815 habet
916 1779 961 1816 te
987 1786 1118 1824 cura,
1146 1769 1471 1817 1101111010

162 1847 259 1881 ΤΗ.
286 1835 439 1881 Ι1111110
460 1852 549 1898 ego
570 1834 766 1881 Sardois
787 1835 948 1882 videar
967 1835 1054 1882 tibi
1073 1835 1277 1881 amarior
1296 1835 1470 1892 herbis,

162 1901 416 1948 Horridior
438 1918 600 1958 ruSCO,
628 1901 849 1964 projecta
876 1903 1013 1948 vilior
1038 1902 1133 1964 alga*
1124 1918 1172 1948 1·
1162 1939 1174 1956 ,

161 1967 211 2013 Si
237 1968 352 2014 mihi
377 1985 469 2014 non
496 1969 601 2014 haec
627 1972 706 2015 lux
734 1976 835 2014 toto
853 1967 957 2029 jam
982 1969 1167 2030 longior
1190 1983 1312 2013 anno
1335 1975 1429 2015 est.

161 2034 234 2081 Ite
260 2034 456 2081 domum
481 2035 620 2097 pasti,
649 2035 685 2081 si
710 2035 814 2096 quis
839 2035 1013 2098 pudor,
1040 2035 1105 2082 ite
1121 2033 1340 2095 juvenci.

163 2112 249 2146 CO.
289 2101 507 2147 Muscosi
533 2101 703 2156 fontes,
730 2110 777 2148 et
800 2118 968 2148 somno
994 2102 1180 2148 mollior
1203 2100 1366 2156 herba,

161 2167 223 2214 Et
248 2183 358 2227 quae
382 2183 465 2214 vos
490 2168 593 2213 rar-51
618 2166 773 2213 viridis
800 2169 916 2230 tegit
941 2169 1142 2215 arbutus
1169 2166 1352 2221 umth

163 2232 425 2280 Solstitium
451 2234 614 2295 pecori
640 2233 912 2280 defendite:
944 2235 1049 2296 jam
1076 2233 1203 2281 venit
1223 2240 1364 2278 aestas

159 2297 393 2346 Torrida:
423 2301 527 2361 jam
551 2300 663 2346 laeto
689 2310 877 2362 turgent
900 2301 945 2346 in
972 2301 1166 2363 palmite
1190 2313 1405 2360 gemmae.

161 2378 260 2413 ΤΗ.
298 2365 393 2412 Hic
420 2367 574 2423 focus,
601 2374 650 2413 et
674 2366 814 2414 taedae
838 2368 1068 2430 pingues:
1107 2367 1184 2412 1110
1210 2364 1448 2427 plurimus

292 2431 411 2494 ignis

164 2499 379 2562 Semper,
406 2506 452 2545 01
478 2498 669 2545 assidua
696 2509 858 2562 postes
885 2498 1077 2562 fuligine
1104 2497 1237 2561 nigri.
1407 2506 1471 2548 50
