1580 2686
502 76 813 111 GEORGICA.
856 77 965 112 LIB.
1007 77 1094 112 111.
1407 71 1465 110 63

137 164 341 226 Propter
363 180 553 226 aquam,
579 163 727 210 tardis
748 164 911 225 ingens
937 165 1016 209 ubi
1045 164 1246 210 flexibus
1270 172 1394 210 errat

137 230 363 286 Mincius,
388 231 609 276 ettenera
633 231 854 292 praetexit
880 230 1108 277 arundine
1133 232 1275 293 ripaS.

134 296 189 342 In
217 295 376 342 medio
400 296 516 342 mihi
542 297 703 343 Caesar
725 297 830 352 erit,
871 297 1202 358 templumque
1229 295 1425 342 tenebit.

134 362 207 407 llli
231 362 384 408 victor
402 379 507 423 ego,
536 371 582 410 et
607 363 761 424 Tyrio
784 370 1074 425 conspectus
1101 362 1146 407 in
1174 373 1322 417 ostro,

134 429 336 474 Centum
363 429 678 491 quadrijugos
703 429 896 490 agitabo
922 428 983 475 ad
1010 427 1202 474 flumina
1224 445 1407 474 currus,

133 495 323 540 Cuncta
358 495 493 553 mihi,
535 495 778 558 Alpheum
816 495 1036 558 linquens
1078 495 1314 556 lucosque
1347 497 1457 541 Mo-

260 561 411 607 lorchi

131 626 364 674 Cursibus
390 599 437 674 e’t
464 627 615 676 crudo
641 626 862 675 decernet
890 627 1082 675 Graecia
1103 635 1274 674 caestu.
1396 631 1459 673 20

127 692 243 754 Ipse
268 702 413 756 caput
434 701 587 741 tonsae
612 693 737 740 foliis
763 704 959 741 ornatus
986 691 1155 740 oliv'⁴=-²''
1347 693 1460 754 [pas

127 758 271 806 Dona
293 759 458 807 feram.
529 762 635 808 Jam
669 777 796 807 nunc
818 762 1051 807 solemnes
1077 779 1082 781 -
1111 756 1268 806 sincere
1295 775 1427 820 pom-

127 825 202 871 Ad
230 825 604 887 delubrajuvat,
632 843 879 889 caesosque
905 827 1065 874 videre
1083 827 1322 887 juvencos
1345 843 1357 879 ;

127 891 216 937 Vel
240 908 382 940 scena
406 902 458 940 ut
484 894 629 940 versis
650 894 866 939 discedat
889 894 1145 950 frontibus,
1174 902 1326 955 utque

127 957 376 1021 Purpurea
401 960 569 1007 intexti
595 961 767 1006 tollant
784 961 935 1007 aulaea
961 960 1193 1007 Britanni.

127 1025 182 1070 In
210 1026 394 1074 foribus
432 1043 640 1089 pugnam
667 1043 724 1073 ex
750 1043 864 1072 auro
891 1028 1139 1089 solidoque
1164 1026 1426 1088 elephanto

127 1092 458 1152 Gangaridum
490 1093 679 1150 faciam,
721 1095 1013 1156 victorisque.
1038 1109 1171 1140 arma
1198 1093 1412 1148 Quirini;

125 1160 288 1220 Atque
313 1161 391 1208 liic
418 1161 680 1207 undantem
707 1160 852 1216 bello,
879 1176 1202 1223 magnumque
1229 1158 1457 1205 fluentem

125 1224 306 1282 Nilum,
333 1243 389 1274 ac
414 1228 566 1274 navali
593 1237 836 1288 surgentes
862 1244 953 1274 aere
979 1228 1238 1273 columnas,

124 1291 318 1339 Addam
334 1295 476 1342 urbes
503 1295 631 1341 Asiae
648 1294 872 1350 domitas,
892 1295 1178 1357 pulsumque
1195 1292 1458 1354 Niphaten,

126 1358 468 1423 Fidentemque
492 1360 604 1423 fuga
630 1361 861 1407 Parthum
889 1360 1129 1422 versisque
1155 1359 1354 1421 sagittis,
1395 1366 1453 1406 :31

125 1425 187 1470 Et
210 1426 305 1473 duo
329 1437 468 1490 rapta
492 1444 631 1474 manu
658 1427 847 1473 diverso
873 1444 929 1473 ex
956 1427 1090 1474 hoste
1115 1436 1311 1488 tropaea,

126 1491 299 1554 Bisque
326 1495 642 1557 triumphatas
664 1501 871 1557 utroque
895 1493 955 1538 ab
982 1494 1140 1540 littore
1166 1502 1348 1555 gentes,

125 1557 331 1606 Stabunt
355 1569 402 1607 et
425 1561 551 1607 Parii
571 1560 774 1622 lapides,
803 1560 1033 1623 spirantia
1053 1561 1201 1620 signa,

123 1626 344 1672 Assaraci
369 1627 544 1690 proles,
571 1626 888 1689 demissaeque
909 1627 970 1672 ab
997 1629 1119 1674 Jove
1149 1624 1302 1689 gentis

122 1692 347 1749 Nomina,
393 1695 611 1757 Trosque
670 1709 858 1756 parenS,
915 1702 964 1740 et
1007 1693 1173 1755 Trojae
1222 1687 1458 1754 Cynthius

254 1769 439 1807 auctor.

122 1824 312 1872 Invidia
335 1827 497 1874 infelix
522 1826 687 1874 Furias
712 1842 993 1889 amnemque
1019 1843 1232 1875 severum

123 1892 296 1955 Cocyti
322 1902 520 1951 metuet,
547 1901 798 1955 tortosque
829 1893 1004 1939 Ixionis
1029 1911 1222 1955 angues,

123 1959 486 2022 lmmanemque
511 1969 682 2016 rotam,
708 1968 756 2006 et
785 1976 878 2005 non
906 1961 1239 2020 exsuperabile
1265 1977 1449 2008 saxum.

190 2026 382 2074 Interea
402 2027 652 2090 Dryadum
680 2027 816 2072 silvas
833 2027 1078 2088 saltusque
1098 2043 1356 2089 sequamur
1391 2036 1456 2076 40

126 2092 357 2150 Intactos,
380 2101 476 2149 tua,
504 2095 764 2149 Maecenas,
793 2093 920 2139 haud
949 2094 1111 2139 mollia
1129 2093 1286 2154 jussa.

122 2159 196 2204 'l’e
222 2157 318 2206 sine
344 2159 406 2205 nil
435 2162 582 2207 altum
608 2176 739 2205 mens
765 2160 985 2206 inchoat:
1025 2177 1082 2206 en
1109 2177 1213 2222 age,
1240 2177 1407 2221 segnes

125 2224 315 2287 Rumpe
341 2242 495 2272 moras
518 2243 529 2273 :
568 2234 710 2272 vocat
736 2226 912 2283 ingenti
940 2226 1146 2272 clamore
1171 2227 1430 2283 Citli‘aeron,

125 2291 427 2355 Taygetique
453 2309 610 2348 canes,
659 2293 981 2355 domitrixque
1007 2293 1272 2358 Epidaurus
1309 2310 1454 2356 equo-

259 2374 391 2414 rum:

129 2427 187 2469 Et
212 2439 302 2470 vox
325 2441 518 2471 assensu
545 2442 788 2472 nemorum
816 2426 1101 2486 ingeminata
1126 2427 1345 2485 remugit.

128 2489 246 2536 Mox
272 2497 427 2538 tamen
453 2492 667 2539 ardentes
693 2493 915 2555 accingar
940 2493 1095 2538 (licere
1122 2509 1312 2555 pugnas
