1580 2686
117 88 179 134 54
454 94 503 129 P.
542 95 789 130 VIRGILII
829 97 1088 132 MARole

113 187 293 234 Tristia
317 189 585 236 tentantfim
611 206 751 237 sensu
777 190 1020 253 torquebit
1043 206 1241 237 amaror.

185 254 374 314 Pinguis
393 256 504 302 item
520 273 628 318 quae
653 257 715 303 sit
740 257 896 316 tellus,
923 257 1016 303 hoc
1042 257 1247 319 denique
1273 264 1419 318 pacto

113 320 388 368 Discimus:
416 323 540 369 haud
569 339 777 385 unquam
795 322 1209 383 manibusjactata
1227 323 1418 379 fatiscit,

113 386 207 432 Sed
233 387 353 450 picis
370 388 417 434 in
442 405 621 435 morem
647 390 706 436 ad
733 389 909 450 digitos
933 389 1152 436 lentescit
1178 390 1418 436 babendo.

112 452 321 500 Humida
347 454 552 516 majores
579 455 747 501 herbas
772 456 875 512 alit,
902 455 1100 517 ipsaque
1118 457 1253 518 justo
1324 463 1413 505 251

111 519 315 570 Laetior!
335 521 395 567 ah
416 522 611 567 nimium
633 538 690 567 ne
715 521 774 568 sit
799 521 915 567 mihi
938 520 1101 568 fertilis
1124 523 1219 578 illa,

110 585 221 632 Neu
242 591 294 632 'se
330 587 634 648 praevalidam
653 587 816 649 primis
846 588 1068 634 ostendat
1090 588 1244 635 aristis

112 652 234 705 Quae
250 653 406 714 gravis
430 662 513 709 est,
542 654 648 716 ipso
674 654 865 701 tacitam
893 671 939 700 se
965 653 1175 716 pondere
1200 654 1393 717 prodit;

113 718 330 780 Quaeque
366 719 496 766 levis.
584 721 830 768 Promtum
855 729 928 767 est
964 720 1110 767 oculis
1135 721 1419 783 praediscere

242 785 442 847 nigram,
1244 787 1417 848 [frigus

107 850 174 896 Et
210 851 315 913 quis
363 854 441 899 cui
476 854 625 900 color.
730 856 794 901 At
841 853 1123 900 sceleratum
1174 855 1420 914 exquirere

109 917 317 964 Difficile
352 927 448 966 est:
474 920 624 981 piceae
649 920 850 976 tantum,
879 920 1073 981 taxique
1099 930 1326 966 nocentes

107 983 370 1042 Interdum,
397 996 478 1033 aut
502 986 692 1034 hederae
717 987 930 1049 pandunt
957 987 1148 1048 vestigia
1173 986 1336 1048 nigrae.

175 1051 264 1098 His
283 1053 641 1109 animadversis,
669 1064 840 1100 terram
868 1053 1019 1099 multo
1044 1053 1153 1099 ante
1181 1063 1418 1099 memento

108 1117 462 1181 Excoquere,et
475 1136 670 1181 magnos
684 1121 936 1167 scrobibus
950 1119 1199 1166 concidere
1215 1130 1417 1176 montes,

106 1184 235 1231 Ante
259 1186 500 1246 supinatas
528 1187 755 1248 Aquiloni
781 1187 1030 1234 ostendere
1055 1187 1238 1248 glebas,
1323 1186 1412 1233 261

107 1249 266 1304 Quam
291 1253 454 1298 laetnm
480 1251 682 1299 infodias
708 1254 815 1299 vitis
840 1269 1004 1315 genus.
1076 1253 1271 1315 Optima
1291 1253 1418 1314 putri

106 1318 239 1364 Arva
260 1319 393 1364 solo:
420 1319 467 1364 id
495 1319 621 1365 venti
647 1331 830 1375 curant,
857 1320 1123 1381 gelidaeque
1149 1320 1350 1380 pruinae,

105 1382 166 1428 Et
191 1383 427 1432 labefacta
453 1402 645 1432 movens
670 1387 894 1432 robustus
914 1386 1086 1446 jugera
1111 1385 1284 1431 fossor.

105 1452 173 1496 At
197 1450 233 1496 si
255 1468 375 1513 quos
403 1452 531 1498 haud
557 1453 652 1498 ulla
670 1449 805 1499 'viros
830 1452 1073 1514 vigilantia
1098 1451 1248 1513 fugit3

105 1518 232 1564 Ante
255 1518 413 1564 locum
435 1518 632 1565 similem
652 1520 925 1580 exquirunt,
953 1518 1036 1564 ubi
1052 1519 1204 1580 prima
1224 1526 1420 1580 paretur

105 1583 376 1630 Arboribus
402 1601 546 1647 segeS,
572 1594 619 1631 et
645 1602 741 1646 quo
762 1601 873 1631 mox
900 1585 1084 1646 digesta
1104 1583 1284 1630 feratur
1306 1602 1316 1638 ;

105 1648 346 1697 Mutatam
371 1651 590 1713 ignorent
615 1651 775 1698 subito
803 1669 858 1697 ne
883 1651 1062 1697 semina
1087 1659 1304 1697 matrem.

106 1715 232 1769 Quin
257 1719 399 1764 etiam
424 1717 531 1764 coeli
556 1718 792 1779 regionem
817 1718 862 1764 in
899 1718 1077 1765 cortice
1104 1717 1315 1779 signant:

106 1782 190 1839 Ut,
218 1800 315 1846 quo
341 1801 543 1846 quaeque
564 1784 708 1830 modo
735 1784 930 1841 steterit,
959 1785 1051 1846 qua
1074 1793 1208 1846 parte
1235 1783 1416 1830 calores

103 1850 361 1897 Austrinos
388 1850 562 1906 tulerit,
589 1868 697 1913 quae
713 1859 845 1909 terga
869 1852 1132 1898 obverterit
1155 1851 1249 1906 axi,
1322 1858 1409 1904 271

104 1915 380 1964 Restituunt
403 1934 414 1963 :
453 1917 570 1964 adeo
599 1919 645 1963 in
671 1918 844 1964 teneris
871 1933 1186 1964 consuescere
1213 1917 1417 1963 multum

170 1983 404 2039 Collibus,
431 2001 490 2030 an
511 1984 655 2047 plano
680 1985 845 2031 melius
872 1986 934 2031 sit
951 1984 1417 2047 ponerevitem„[est.

105 2049 279 2103 Quaere
304 2050 452 2113 prius.
489 2052 538 2097 Si
563 2051 751 2112 pinguis
773 2067 910 2113 agros
935 2051 1173 2097 metabere
1200 2049 1378 2111 campi,

105 2115 266 2162 Densa
293 2134 424 2163 sere:
453 2117 497 2162 in
520 2118 668 2164 denso
693 2134 789 2163 non
808 2118 990 2178 segnior
1011 2117 1156 2163 ubere
1174 2117 1414 2163 Bacchus.

105 2181 188 2227 Sin
217 2183 404 2229 tumulis
426 2184 608 2230 acclive
633 2185 801 2241 solum,
823 2185 1065 2265 collesque
1077 2182 1304 2257 supinos,

105 2248 310 2311 Indulge
346 2250 620 2296 ordinibus:
659 2267 747 2297 nec
784 2250 937 2296 secius
962 2249 1112 2296 omnis
1135 2249 1183 2295 in
1210 2264 1415 2311 unguem

105 2315 373 2362 Arboribus
400 2317 566 2378 positis
591 2327 721 2363 secto
747 2317 823 2363 via
848 2317 993 2362 limite
1015 2314 1235 2377 quadret.

109 2381 174 2427 Ut
190 2397 316 2443 saepe
341 2382 516 2445 ingenti
542 2384 670 2430 bello
692 2384 802 2430 cum
828 2383 967 2444 longa
993 2382 1216 2428 cohortes

108 2448 349 2509 Explicuit
374 2449 516 2511 legio,
530 2460 576 2496 et
593 2466 764 2512 campo
779 2449 906 2496 stetit
922 2464 1087 2510 agmen
1114 2453 1300 2509 aperto,
1318 2451 1416 2496 280

111 2513 414 2579 Directaeque
435 2518 581 2575 acieS,
607 2534 662 2566 ac
683 2516 775 2565 late
801 2515 1006 2564 fluctuat
1031 2514 1181 2561 omnis
