<?xml version="1.0" encoding="UTF-8"?>
<!DOCTYPE html PUBLIC "-//W3C//DTD XHTML 1.0 Transitional//EN"
    "http://www.w3.org/TR/xhtml1/DTD/xhtml1-transitional.dtd">
<html xmlns="http://www.w3.org/1999/xhtml" xml:lang="en" lang="en">
 <head>
  <title>
</title>
<meta http-equiv="Content-Type" content="text/html;charset=utf-8" />
  <meta name='ocr-system' content='tesseract 3.04.00' />
  <meta name='ocr-capabilities' content='ocr_page ocr_carea ocr_par ocr_line ocrx_word'/>
</head>
<body>
  <div class='ocr_page' id='page_1' title='image "./operaadfidemopti00virguoft/operaadfidemopti00virguoft_0158.png"; bbox 0 0 1607 2700; ppageno 0'>
   <div class='ocr_carea' id='block_1_1' title="bbox 135 86 1133 130">
    <p class='ocr_par' dir='ltr' id='par_1_1' title="bbox 135 86 1133 130">
     <span class='ocr_line' id='line_1_1' title="bbox 135 86 1133 130; baseline 0.002 -4"><span class='ocrx_word' id='word_1_1' title='bbox 135 86 226 126; x_wconf 66' lang='lat'>154</span> <span class='ocrx_word' id='word_1_2' title='bbox 496 94 546 128; x_wconf 71' lang='lat' dir='ltr'>P.</span> <span class='ocrx_word' id='word_1_3' title='bbox 587 95 834 130; x_wconf 80' lang='lat' dir='ltr'>VIRGILII</span> <span class='ocrx_word' id='word_1_4' title='bbox 866 95 1133 130; x_wconf 65' lang='lat' dir='ltr'><strong>MARONIS</strong></span> 
     </span>
    </p>
   </div>
   <div class='ocr_carea' id='block_1_2' title="bbox 114 211 1449 2550">
    <p class='ocr_par' dir='ltr' id='par_1_2' title="bbox 114 211 1449 2550">
     <span class='ocr_line' id='line_1_2' title="bbox 128 211 1422 278; baseline 0.005 -22"><span class='ocrx_word' id='word_1_5' title='bbox 128 212 257 265; x_wconf 83' lang='lat' dir='ltr'>Quin</span> <span class='ocrx_word' id='word_1_6' title='bbox 285 211 428 259; x_wconf 67' lang='lat' dir='ltr'>adeas</span> <span class='ocrx_word' id='word_1_7' title='bbox 451 223 626 272; x_wconf 82' lang='lat' dir='ltr'>vatem,</span> <span class='ocrx_word' id='word_1_8' title='bbox 653 216 979 278; x_wconf 84' lang='lat' dir='ltr'>precibusque</span> <span class='ocrx_word' id='word_1_9' title='bbox 1005 217 1202 263; x_wconf 82' lang='lat' dir='ltr'>oracula</span> <span class='ocrx_word' id='word_1_10' title='bbox 1227 232 1422 278; x_wconf 76' lang='lat' dir='ltr'>poscas,</span> 
     </span>
     <span class='ocr_line' id='line_1_3' title="bbox 128 279 1432 345; baseline 0.005 -23"><span class='ocrx_word' id='word_1_11' title='bbox 128 279 240 335; x_wconf 79' lang='lat' dir='ltr'>Ipsa</span> <span class='ocrx_word' id='word_1_12' title='bbox 264 287 421 336; x_wconf 77' lang='lat' dir='ltr'>canat,</span> <span class='ocrx_word' id='word_1_13' title='bbox 449 298 712 345; x_wconf 88' lang='lat' dir='ltr'>vocemque</span> <span class='ocrx_word' id='word_1_14' title='bbox 738 284 902 329; x_wconf 88' lang='lat' dir='ltr'>volens</span> <span class='ocrx_word' id='word_1_15' title='bbox 927 291 1075 345; x_wconf 89' lang='lat' dir='ltr'>atque</span> <span class='ocrx_word' id='word_1_16' title='bbox 1101 299 1181 328; x_wconf 89' lang='lat' dir='ltr'>ora</span> <span class='ocrx_word' id='word_1_17' title='bbox 1207 283 1432 329; x_wconf 84' lang='lat' dir='ltr'>resolvat.</span> 
     </span>
     <span class='ocr_line' id='line_1_4' title="bbox 126 344 1445 411; baseline 0.002 -21"><span class='ocrx_word' id='word_1_18' title='bbox 126 344 208 390; x_wconf 82' lang='lat' dir='ltr'>Illa</span> <span class='ocrx_word' id='word_1_19' title='bbox 238 345 324 391; x_wconf 89' lang='lat' dir='ltr'>tibi</span> <span class='ocrx_word' id='word_1_20' title='bbox 351 347 501 394; x_wconf 84' lang='lat' dir='ltr'>Italiae</span> <span class='ocrx_word' id='word_1_21' title='bbox 518 350 742 411; x_wconf 88' lang='lat' dir='ltr'>populos,</span> <span class='ocrx_word' id='word_1_22' title='bbox 771 358 1069 411; x_wconf 84' lang='lat' dir='ltr'>venturaque</span> <span class='ocrx_word' id='word_1_23' title='bbox 1096 349 1236 405; x_wconf 80' lang='lat' dir='ltr'>bella,</span> <span class='ocrx_word' id='word_1_24' title='bbox 1308 350 1445 411; x_wconf 88' lang='lat' dir='ltr'>[rem‚</span> 
     </span>
     <span class='ocr_line' id='line_1_5' title="bbox 124 412 1448 478; baseline 0.002 -21"><span class='ocrx_word' id='word_1_25' title='bbox 124 412 188 457; x_wconf 84' lang='lat' dir='ltr'>Et</span> <span class='ocrx_word' id='word_1_26' title='bbox 212 428 310 473; x_wconf 91' lang='lat' dir='ltr'>quo</span> <span class='ocrx_word' id='word_1_27' title='bbox 337 430 578 477; x_wconf 84' lang='lat' dir='ltr'>quemque</span> <span class='ocrx_word' id='word_1_28' title='bbox 603 415 748 460; x_wconf 86' lang='lat' dir='ltr'>modo</span> <span class='ocrx_word' id='word_1_29' title='bbox 774 415 1025 477; x_wconf 81' lang='lat' dir='ltr'>fugiasque</span> <span class='ocrx_word' id='word_1_30' title='bbox 1051 415 1272 478; x_wconf 81' lang='lat' dir='ltr'>ferasque</span> <span class='ocrx_word' id='word_1_31' title='bbox 1314 416 1448 461; x_wconf 89' lang='lat' dir='ltr'>labo·</span> 
     </span>
     <span class='ocr_line' id='line_1_6' title="bbox 123 478 1449 543; baseline 0.005 -21"><span class='ocrx_word' id='word_1_32' title='bbox 123 478 390 540; x_wconf 86' lang='lat' dir='ltr'>Expediet;</span> <span class='ocrx_word' id='word_1_33' title='bbox 414 497 681 543; x_wconf 82' lang='lat' dir='ltr'>cursusque</span> <span class='ocrx_word' id='word_1_34' title='bbox 695 481 1071 529; x_wconf 85' lang='lat' dir='ltr'>dabitvenerata</span> <span class='ocrx_word' id='word_1_35' title='bbox 1083 480 1449 529; x_wconf 79' lang='lat' dir='ltr'>secundos.460</span> 
     </span>
     <span class='ocr_line' id='line_1_7' title="bbox 124 544 1348 608; baseline 0.005 -19"><span class='ocrx_word' id='word_1_36' title='bbox 124 544 246 591; x_wconf 89' lang='lat' dir='ltr'>Haec</span> <span class='ocrx_word' id='word_1_37' title='bbox 273 555 402 602; x_wconf 85' lang='lat' dir='ltr'>sunt,</span> <span class='ocrx_word' id='word_1_38' title='bbox 444 564 551 608; x_wconf 82' lang='lat' dir='ltr'>quae</span> <span class='ocrx_word' id='word_1_39' title='bbox 577 548 741 593; x_wconf 65' lang='lat' dir='ltr'>nostr-21</span> <span class='ocrx_word' id='word_1_40' title='bbox 767 548 913 594; x_wconf 88' lang='lat' dir='ltr'>liceat</span> <span class='ocrx_word' id='word_1_41' title='bbox 937 555 982 593; x_wconf 85' lang='lat' dir='ltr'>te</span> <span class='ocrx_word' id='word_1_42' title='bbox 1007 566 1124 595; x_wconf 89' lang='lat' dir='ltr'>voce</span> <span class='ocrx_word' id='word_1_43' title='bbox 1151 550 1348 597; x_wconf 86' lang='lat' dir='ltr'>moneri.</span> 
     </span>
     <span class='ocr_line' id='line_1_8' title="bbox 120 611 1445 677; baseline 0.005 -21"><span class='ocrx_word' id='word_1_44' title='bbox 120 611 258 658; x_wconf 90' lang='lat' dir='ltr'>Vade</span> <span class='ocrx_word' id='word_1_45' title='bbox 275 629 378 674; x_wconf 84' lang='lat' dir='ltr'>age,</span> <span class='ocrx_word' id='word_1_46' title='bbox 398 622 448 659; x_wconf 92' lang='lat' dir='ltr'>et</span> <span class='ocrx_word' id='word_1_47' title='bbox 463 615 700 676; x_wconf 83' lang='lat' dir='ltr'>ingentem</span> <span class='ocrx_word' id='word_1_48' title='bbox 718 614 861 661; x_wconf 83' lang='lat' dir='ltr'>factis</span> <span class='ocrx_word' id='word_1_49' title='bbox 885 613 954 660; x_wconf 85' lang='lat' dir='ltr'>fer</span> <span class='ocrx_word' id='word_1_50' title='bbox 964 614 1025 661; x_wconf 88' lang='lat' dir='ltr'>ad</span> <span class='ocrx_word' id='word_1_51' title='bbox 1040 616 1217 661; x_wconf 87' lang='lat' dir='ltr'>aethera</span> <span class='ocrx_word' id='word_1_52' title='bbox 1227 617 1445 677; x_wconf 85' lang='lat' dir='ltr'>Trojam.</span> 
     </span>
     <span class='ocr_line' id='line_1_9' title="bbox 188 679 1445 742; baseline 0.004 -18"><span class='ocrx_word' id='word_1_53' title='bbox 188 679 313 733; x_wconf 82' lang='lat' dir='ltr'>Quae</span> <span class='ocrx_word' id='word_1_54' title='bbox 338 688 600 742; x_wconf 78' lang='lat' dir='ltr'>postquam</span> <span class='ocrx_word' id='word_1_55' title='bbox 627 688 759 728; x_wconf 86' lang='lat' dir='ltr'>vates</span> <span class='ocrx_word' id='word_1_56' title='bbox 781 683 848 727; x_wconf 88' lang='lat' dir='ltr'>sic</span> <span class='ocrx_word' id='word_1_57' title='bbox 873 697 954 726; x_wconf 88' lang='lat' dir='ltr'>ore</span> <span class='ocrx_word' id='word_1_58' title='bbox 980 682 1155 729; x_wconf 83' lang='lat' dir='ltr'>effatus</span> <span class='ocrx_word' id='word_1_59' title='bbox 1181 682 1336 730; x_wconf 87' lang='lat' dir='ltr'>amico</span> <span class='ocrx_word' id='word_1_60' title='bbox 1354 690 1445 739; x_wconf 87' lang='lat' dir='ltr'>est,</span> 
     </span>
     <span class='ocr_line' id='line_1_10' title="bbox 118 745 1380 824; baseline 0.006 -35"><span class='ocrx_word' id='word_1_61' title='bbox 118 745 265 790; x_wconf 86' lang='lat' dir='ltr'>Dona</span> <span class='ocrx_word' id='word_1_62' title='bbox 298 746 474 792; x_wconf 84' lang='lat' dir='ltr'>dehinc</span> <span class='ocrx_word' id='word_1_63' title='bbox 500 764 618 793; x_wconf 80' lang='lat' dir='ltr'>auro</span> <span class='ocrx_word' id='word_1_64' title='bbox 644 748 825 809; x_wconf 81' lang='lat' dir='ltr'>gravia,</span> <span class='ocrx_word' id='word_1_65' title='bbox 865 756 1094 809; x_wconf 86' lang='lat' dir='ltr'>sectoque</span> <span class='ocrx_word' id='word_1_66' title='bbox 1119 749 1380 824; x_wconf 83' lang='lat' dir='ltr'>elephanto</span> 
     </span>
     <span class='ocr_line' id='line_1_11' title="bbox 119 811 1214 877; baseline 0.003 -21"><span class='ocrx_word' id='word_1_67' title='bbox 119 811 335 874; x_wconf 80' lang='lat' dir='ltr'>Imperat</span> <span class='ocrx_word' id='word_1_68' title='bbox 358 812 418 859; x_wconf 84' lang='lat' dir='ltr'>ad</span> <span class='ocrx_word' id='word_1_69' title='bbox 447 830 589 860; x_wconf 88' lang='lat' dir='ltr'>naves</span> <span class='ocrx_word' id='word_1_70' title='bbox 615 813 739 870; x_wconf 88' lang='lat' dir='ltr'>ferri,</span> <span class='ocrx_word' id='word_1_71' title='bbox 768 815 1017 877; x_wconf 81' lang='lat' dir='ltr'>stipatque</span> <span class='ocrx_word' id='word_1_72' title='bbox 1044 816 1214 862; x_wconf 88' lang='lat' dir='ltr'>carinis</span> 
     </span>
     <span class='ocr_line' id='line_1_12' title="bbox 119 879 1226 944; baseline 0.004 -20"><span class='ocrx_word' id='word_1_73' title='bbox 119 879 190 924; x_wconf 90' lang='lat' dir='ltr'>In</span> <span class='ocrx_word' id='word_1_74' title='bbox 179 894 292 939; x_wconf 82' lang='lat' dir='ltr'>rens</span> <span class='ocrx_word' id='word_1_75' title='bbox 318 890 586 942; x_wconf 81' lang='lat' dir='ltr'>argentum,</span> <span class='ocrx_word' id='word_1_76' title='bbox 614 881 996 944; x_wconf 84' lang='lat' dir='ltr'>Dodonaeosque</span> <span class='ocrx_word' id='word_1_77' title='bbox 1022 882 1226 938; x_wconf 87' lang='lat' dir='ltr'>lebetas,</span> 
     </span>
     <span class='ocr_line' id='line_1_13' title="bbox 118 945 1311 1010; baseline 0.004 -20"><span class='ocrx_word' id='word_1_78' title='bbox 118 945 339 992; x_wconf 87' lang='lat' dir='ltr'>Loricam</span> <span class='ocrx_word' id='word_1_79' title='bbox 367 957 637 994; x_wconf 79' lang='lat' dir='ltr'>consertam</span> <span class='ocrx_word' id='word_1_80' title='bbox 665 949 831 1005; x_wconf 82' lang='lat' dir='ltr'>hamis,</span> <span class='ocrx_word' id='word_1_81' title='bbox 854 965 1071 1010; x_wconf 87' lang='lat' dir='ltr'>auroque</span> <span class='ocrx_word' id='word_1_82' title='bbox 1089 949 1311 1005; x_wconf 75' lang='lat' dir='ltr'>trilicem,</span> 
     </span>
     <span class='ocr_line' id='line_1_14' title="bbox 117 1012 1394 1078; baseline 0.002 -21"><span class='ocrx_word' id='word_1_83' title='bbox 117 1012 182 1058; x_wconf 85' lang='lat' dir='ltr'>Et</span> <span class='ocrx_word' id='word_1_84' title='bbox 206 1029 382 1060; x_wconf 86' lang='lat' dir='ltr'>conum</span> <span class='ocrx_word' id='word_1_85' title='bbox 408 1013 605 1076; x_wconf 85' lang='lat' dir='ltr'>insignis</span> <span class='ocrx_word' id='word_1_86' title='bbox 631 1016 796 1077; x_wconf 82' lang='lat' dir='ltr'>galeae,</span> <span class='ocrx_word' id='word_1_87' title='bbox 837 1017 1108 1078; x_wconf 82' lang='lat' dir='ltr'>cristasque</span> <span class='ocrx_word' id='word_1_88' title='bbox 1129 1025 1394 1070; x_wconf 82' lang='lat' dir='ltr'>comantes,</span> 
     </span>
     <span class='ocr_line' id='line_1_15' title="bbox 117 1079 1339 1146; baseline 0.003 -22"><span class='ocrx_word' id='word_1_89' title='bbox 117 1079 263 1125; x_wconf 88' lang='lat' dir='ltr'>Arma</span> <span class='ocrx_word' id='word_1_90' title='bbox 290 1081 624 1143; x_wconf 77' lang='lat' dir='ltr'>Neoptolemi:</span> <span class='ocrx_word' id='word_1_91' title='bbox 664 1090 775 1128; x_wconf 86' lang='lat' dir='ltr'>sunt</span> <span class='ocrx_word' id='word_1_92' title='bbox 798 1090 849 1129; x_wconf 89' lang='lat' dir='ltr'>et</span> <span class='ocrx_word' id='word_1_93' title='bbox 872 1100 958 1129; x_wconf 86' lang='lat' dir='ltr'>sua</span> <span class='ocrx_word' id='word_1_94' title='bbox 982 1083 1111 1129; x_wconf 82' lang='lat' dir='ltr'>dona</span> <span class='ocrx_word' id='word_1_95' title='bbox 1136 1083 1339 1146; x_wconf 70' lang='lat' dir='ltr'>parenti.</span> 
     </span>
     <span class='ocr_line' id='line_1_16' title="bbox 118 1144 1446 1211; baseline 0.007 -21"><span class='ocrx_word' id='word_1_96' title='bbox 118 1144 275 1192; x_wconf 89' lang='lat' dir='ltr'>Addit</span> <span class='ocrx_word' id='word_1_97' title='bbox 299 1163 466 1209; x_wconf 87' lang='lat' dir='ltr'>equos,</span> <span class='ocrx_word' id='word_1_98' title='bbox 495 1147 733 1211; x_wconf 78' lang='lat' dir='ltr'>additque</span> <span class='ocrx_word' id='word_1_99' title='bbox 757 1149 940 1196; x_wconf 88' lang='lat' dir='ltr'>duces·</span> <span class='ocrx_word' id='word_1_100' title='bbox 929 1186 940 1203; x_wconf 93' lang='lat'>,</span> <span class='ocrx_word' id='word_1_101' title='bbox 1346 1155 1446 1201; x_wconf 84' lang='grc'>470</span> 
     </span>
     <span class='ocr_line' id='line_1_17' title="bbox 118 1210 1407 1277; baseline 0.005 -21"><span class='ocrx_word' id='word_1_102' title='bbox 118 1210 391 1275; x_wconf 85' lang='lat' dir='ltr'>Remigium</span> <span class='ocrx_word' id='word_1_103' title='bbox 419 1215 646 1277; x_wconf 86' lang='lat' dir='ltr'>supplet;</span> <span class='ocrx_word' id='word_1_104' title='bbox 687 1216 846 1263; x_wconf 88' lang='lat' dir='ltr'>socios</span> <span class='ocrx_word' id='word_1_105' title='bbox 868 1215 1007 1262; x_wconf 86' lang='lat' dir='ltr'>simul</span> <span class='ocrx_word' id='word_1_106' title='bbox 1032 1215 1224 1263; x_wconf 79' lang='lat' dir='ltr'>instluit</span> <span class='ocrx_word' id='word_1_107' title='bbox 1251 1217 1407 1262; x_wconf 83' lang='lat' dir='ltr'>armis.</span> 
     </span>
     <span class='ocr_line' id='line_1_18' title="bbox 184 1279 1162 1345; baseline 0.006 -22"><span class='ocrx_word' id='word_1_108' title='bbox 184 1279 373 1326; x_wconf 85' lang='lat' dir='ltr'>Interea</span> <span class='ocrx_word' id='word_1_109' title='bbox 399 1281 600 1328; x_wconf 88' lang='lat' dir='ltr'>classem</span> <span class='ocrx_word' id='word_1_110' title='bbox 626 1283 742 1329; x_wconf 85' lang='lat' dir='ltr'>velis</span> <span class='ocrx_word' id='word_1_111' title='bbox 768 1282 1162 1345; x_wconf 85' lang='lat' dir='ltr'>aptarejubebat</span> 
     </span>
     <span class='ocr_line' id='line_1_19' title="bbox 117 1345 1274 1411; baseline 0.002 -19"><span class='ocrx_word' id='word_1_112' title='bbox 117 1345 373 1404; x_wconf 82' lang='lat' dir='ltr'>Anchises,</span> <span class='ocrx_word' id='word_1_113' title='bbox 396 1346 534 1394; x_wconf 88' lang='lat' dir='ltr'>fieret</span> <span class='ocrx_word' id='word_1_114' title='bbox 558 1357 699 1395; x_wconf 80' lang='lat' dir='ltr'>vento</span> <span class='ocrx_word' id='word_1_115' title='bbox 726 1365 862 1396; x_wconf 84' lang='lat' dir='ltr'>mora</span> <span class='ocrx_word' id='word_1_116' title='bbox 886 1367 944 1396; x_wconf 91' lang='lat' dir='ltr'>ne</span> <span class='ocrx_word' id='word_1_117' title='bbox 965 1367 1064 1411; x_wconf 88' lang='lat' dir='ltr'>qua</span> <span class='ocrx_word' id='word_1_118' title='bbox 1087 1349 1274 1396; x_wconf 87' lang='lat' dir='ltr'>ferenti.</span> 
     </span>
     <span class='ocr_line' id='line_1_20' title="bbox 119 1385 1439 1479; baseline 0.003 -21"><span class='ocrx_word' id='word_1_119' title='bbox 119 1413 278 1465; x_wconf 83' lang='lat' dir='ltr'>Quem</span> <span class='ocrx_word' id='word_1_120' title='bbox 303 1385 472 1461; x_wconf 82' lang='lat' dir='ltr'>Plioebi</span> <span class='ocrx_word' id='word_1_121' title='bbox 499 1415 733 1478; x_wconf 85' lang='lat' dir='ltr'>interpres</span> <span class='ocrx_word' id='word_1_122' title='bbox 760 1417 913 1463; x_wconf 83' lang='lat' dir='ltr'>multo</span> <span class='ocrx_word' id='word_1_123' title='bbox 940 1417 1205 1479; x_wconf 74' lang='lat' dir='ltr'>compellat</span> <span class='ocrx_word' id='word_1_124' title='bbox 1231 1417 1439 1464; x_wconf 86' lang='lat' dir='ltr'>honore:</span> 
     </span>
     <span class='ocr_line' id='line_1_21' title="bbox 116 1478 1339 1544; baseline 0.003 -20"><span class='ocrx_word' id='word_1_125' title='bbox 116 1478 372 1539; x_wconf 57' lang='lat' dir='ltr'>Conjugim</span> <span class='ocrx_word' id='word_1_126' title='bbox 400 1482 630 1537; x_wconf 83' lang='lat' dir='ltr'>Anchisa,</span> <span class='ocrx_word' id='word_1_127' title='bbox 671 1483 868 1529; x_wconf 82' lang='lat' dir='ltr'>Veneris</span> <span class='ocrx_word' id='word_1_128' title='bbox 893 1483 1085 1544; x_wconf 83' lang='lat' dir='ltr'>dignate</span> <span class='ocrx_word' id='word_1_129' title='bbox 1111 1484 1339 1544; x_wconf 84' lang='lat' dir='ltr'>superbo,</span> 
     </span>
     <span class='ocr_line' id='line_1_22' title="bbox 116 1545 1218 1612; baseline 0.005 -21"><span class='ocrx_word' id='word_1_130' title='bbox 116 1545 246 1592; x_wconf 87' lang='lat' dir='ltr'>Cura</span> <span class='ocrx_word' id='word_1_131' title='bbox 273 1548 442 1605; x_wconf 85' lang='lat' dir='ltr'>Deum,</span> <span class='ocrx_word' id='word_1_132' title='bbox 467 1548 541 1594; x_wconf 91' lang='lat' dir='ltr'>bis</span> <span class='ocrx_word' id='word_1_133' title='bbox 568 1550 838 1600; x_wconf 78' lang='lat' dir='ltr'>Peroameis</span> <span class='ocrx_word' id='word_1_134' title='bbox 864 1563 1026 1612; x_wconf 86' lang='lat' dir='ltr'>erepte</span> <span class='ocrx_word' id='word_1_135' title='bbox 1051 1550 1218 1605; x_wconf 91' lang='lat' dir='ltr'>ruinis,</span> 
     </span>
     <span class='ocr_line' id='line_1_23' title="bbox 115 1608 1306 1678; baseline 0.003 -20"><span class='ocrx_word' id='word_1_136' title='bbox 115 1613 246 1659; x_wconf 85' lang='lat' dir='ltr'>Ecce</span> <span class='ocrx_word' id='word_1_137' title='bbox 272 1613 359 1659; x_wconf 81' lang='lat' dir='ltr'>tibi</span> <span class='ocrx_word' id='word_1_138' title='bbox 385 1615 613 1662; x_wconf 85' lang='lat' dir='ltr'>Ausoniae</span> <span class='ocrx_word' id='word_1_139' title='bbox 635 1608 807 1670; x_wconf 85' lang='lat' dir='ltr'>tellus;</span> <span class='ocrx_word' id='word_1_140' title='bbox 847 1618 968 1663; x_wconf 76' lang='lat' dir='ltr'>lianc</span> <span class='ocrx_word' id='word_1_141' title='bbox 992 1617 1146 1678; x_wconf 88' lang='lat' dir='ltr'>arripe</span> <span class='ocrx_word' id='word_1_142' title='bbox 1174 1617 1306 1663; x_wconf 90' lang='lat' dir='ltr'>velis.</span> 
     </span>
     <span class='ocr_line' id='line_1_24' title="bbox 116 1679 1439 1745; baseline 0.005 -21"><span class='ocrx_word' id='word_1_143' title='bbox 116 1679 182 1725; x_wconf 80' lang='lat' dir='ltr'>Et</span> <span class='ocrx_word' id='word_1_144' title='bbox 207 1689 363 1727; x_wconf 76' lang='lat' dir='ltr'>tamen</span> <span class='ocrx_word' id='word_1_145' title='bbox 391 1681 514 1729; x_wconf 83' lang='lat' dir='ltr'>hanc</span> <span class='ocrx_word' id='word_1_146' title='bbox 549 1683 721 1745; x_wconf 78' lang='lat' dir='ltr'>pelago</span> <span class='ocrx_word' id='word_1_147' title='bbox 748 1683 1094 1744; x_wconf 67' lang='lat' dir='ltr'>praeterlabare</span> <span class='ocrx_word' id='word_1_148' title='bbox 1119 1699 1318 1730; x_wconf 80' lang='lat' dir='ltr'>neces³e</span> <span class='ocrx_word' id='word_1_149' title='bbox 1347 1690 1439 1730; x_wconf 83' lang='lat' dir='ltr'>est.</span> 
     </span>
     <span class='ocr_line' id='line_1_25' title="bbox 115 1748 1391 1812; baseline 0.002 -20"><span class='ocrx_word' id='word_1_150' title='bbox 115 1748 346 1794; x_wconf 78' lang='lat' dir='ltr'>Ausoniae</span> <span class='ocrx_word' id='word_1_151' title='bbox 372 1765 485 1811; x_wconf 83' lang='lat' dir='ltr'>pars</span> <span class='ocrx_word' id='word_1_152' title='bbox 512 1750 595 1795; x_wconf 88' lang='lat' dir='ltr'>illa</span> <span class='ocrx_word' id='word_1_153' title='bbox 619 1751 805 1811; x_wconf 87' lang='lat' dir='ltr'>procul,</span> <span class='ocrx_word' id='word_1_154' title='bbox 834 1766 978 1811; x_wconf 86' lang='lat' dir='ltr'>quam</span> <span class='ocrx_word' id='word_1_155' title='bbox 1005 1749 1172 1812; x_wconf 83' lang='lat' dir='ltr'>pandit</span> <span class='ocrx_word' id='word_1_156' title='bbox 1198 1750 1391 1812; x_wconf 80' lang='lat' dir='ltr'>Apollo.</span> 
     </span>
     <span class='ocr_line' id='line_1_26' title="bbox 116 1813 1440 1879; baseline 0.005 -23"><span class='ocrx_word' id='word_1_157' title='bbox 116 1813 270 1870; x_wconf 78' lang='lat' dir='ltr'>Vade,</span> <span class='ocrx_word' id='word_1_158' title='bbox 311 1815 393 1871; x_wconf 86' lang='lat' dir='ltr'>ait,</span> <span class='ocrx_word' id='word_1_159' title='bbox 432 1832 460 1861; x_wconf 96' lang='lat'>0</span> <span class='ocrx_word' id='word_1_160' title='bbox 487 1816 601 1862; x_wconf 76' lang='lat' dir='ltr'>felix</span> <span class='ocrx_word' id='word_1_161' title='bbox 627 1816 725 1863; x_wconf 84' lang='lat' dir='ltr'>nati</span> <span class='ocrx_word' id='word_1_162' title='bbox 750 1817 960 1879; x_wconf 87' lang='lat' dir='ltr'>pietate:</span> <span class='ocrx_word' id='word_1_163' title='bbox 1002 1816 1118 1878; x_wconf 90' lang='lat' dir='ltr'>quid</span> <span class='ocrx_word' id='word_1_164' title='bbox 1147 1817 1272 1863; x_wconf 77' lang='lat' dir='ltr'>ultra.</span> <span class='ocrx_word' id='word_1_165' title='bbox 1343 1824 1440 1863; x_wconf 77' lang='lat'>480</span> 
     </span>
     <span class='ocr_line' id='line_1_27' title="bbox 114 1881 1406 1944; baseline 0.002 -17"><span class='ocrx_word' id='word_1_166' title='bbox 114 1881 376 1936; x_wconf 84' lang='lat' dir='ltr'>Provehor,</span> <span class='ocrx_word' id='word_1_167' title='bbox 402 1890 450 1929; x_wconf 92' lang='lat' dir='ltr'>et</span> <span class='ocrx_word' id='word_1_168' title='bbox 475 1882 625 1929; x_wconf 89' lang='lat' dir='ltr'>fando</span> <span class='ocrx_word' id='word_1_169' title='bbox 646 1892 893 1944; x_wconf 76' lang='lat' dir='ltr'>surgentes</span> <span class='ocrx_word' id='word_1_170' title='bbox 919 1883 1142 1930; x_wconf 89' lang='lat' dir='ltr'>demoror</span> <span class='ocrx_word' id='word_1_171' title='bbox 1168 1885 1406 1930; x_wconf 66' lang='lat' dir='ltr'>Austros?</span> 
     </span>
     <span class='ocr_line' id='line_1_28' title="bbox 117 1948 1438 2024; baseline 0.002 -30"><span class='ocrx_word' id='word_1_172' title='bbox 117 1948 221 1994; x_wconf 83' lang='lat' dir='ltr'>Nec</span> <span class='ocrx_word' id='word_1_173' title='bbox 234 1948 390 1994; x_wconf 70' lang='lat' dir='ltr'>minus</span> <span class='ocrx_word' id='word_1_174' title='bbox 408 1950 766 2024; x_wconf 85' lang='lat' dir='ltr'>Andromache,</span> <span class='ocrx_word' id='word_1_175' title='bbox 784 1950 995 2012; x_wconf 86' lang='lat' dir='ltr'>digressu</span> <span class='ocrx_word' id='word_1_176' title='bbox 1015 1960 1184 1999; x_wconf 85' lang='lat' dir='ltr'>moesta</span> <span class='ocrx_word' id='word_1_177' title='bbox 1195 1967 1438 2012; x_wconf 76' lang='lat' dir='ltr'>supremo,</span> 
     </span>
     <span class='ocr_line' id='line_1_29' title="bbox 118 2015 1430 2078; baseline 0.003 -19"><span class='ocrx_word' id='word_1_178' title='bbox 118 2015 227 2061; x_wconf 83' lang='lat' dir='ltr'>Fert</span> <span class='ocrx_word' id='word_1_179' title='bbox 252 2018 519 2077; x_wconf 83' lang='lat' dir='ltr'>picturatas</span> <span class='ocrx_word' id='word_1_180' title='bbox 546 2017 646 2063; x_wconf 88' lang='lat' dir='ltr'>auri</span> <span class='ocrx_word' id='word_1_181' title='bbox 673 2018 946 2065; x_wconf 87' lang='lat' dir='ltr'>subtemine</span> <span class='ocrx_word' id='word_1_182' title='bbox 974 2025 1147 2073; x_wconf 81' lang='lat' dir='ltr'>vestes,</span> <span class='ocrx_word' id='word_1_183' title='bbox 1288 2019 1430 2078; x_wconf 85' lang='lat' dir='ltr'>[nori;</span> 
     </span>
     <span class='ocr_line' id='line_1_30' title="bbox 115 2082 1439 2148; baseline 0.002 -21"><span class='ocrx_word' id='word_1_184' title='bbox 115 2082 179 2127; x_wconf 84' lang='lat' dir='ltr'>Et</span> <span class='ocrx_word' id='word_1_185' title='bbox 206 2082 459 2146; x_wconf 79' lang='lat' dir='ltr'>Phrygiam</span> <span class='ocrx_word' id='word_1_186' title='bbox 481 2083 691 2130; x_wconf 84' lang='lat' dir='ltr'>Ascanio</span> <span class='ocrx_word' id='word_1_187' title='bbox 718 2084 1054 2148; x_wconf 78' lang='lat' dir='ltr'>ehlamydem;</span> <span class='ocrx_word' id='word_1_188' title='bbox 1096 2100 1180 2129; x_wconf 89' lang='lat' dir='ltr'>nec</span> <span class='ocrx_word' id='word_1_189' title='bbox 1203 2085 1329 2129; x_wconf 78' lang='lat' dir='ltr'>cedit</span> <span class='ocrx_word' id='word_1_190' title='bbox 1354 2085 1439 2130; x_wconf 86' lang='lat' dir='ltr'>ho-</span> 
     </span>
     <span class='ocr_line' id='line_1_31' title="bbox 114 2147 1435 2213; baseline 0.003 -20"><span class='ocrx_word' id='word_1_191' title='bbox 114 2147 488 2212; x_wconf 80' lang='lat' dir='ltr'>Textilibusque</span> <span class='ocrx_word' id='word_1_192' title='bbox 514 2158 681 2196; x_wconf 89' lang='lat' dir='ltr'>onerat</span> <span class='ocrx_word' id='word_1_193' title='bbox 706 2150 864 2208; x_wconf 88' lang='lat' dir='ltr'>donis,</span> <span class='ocrx_word' id='word_1_194' title='bbox 904 2167 960 2197; x_wconf 84' lang='lat' dir='ltr'>ac</span> <span class='ocrx_word' id='word_1_195' title='bbox 988 2150 1102 2196; x_wconf 87' lang='lat' dir='ltr'>talia</span> <span class='ocrx_word' id='word_1_196' title='bbox 1123 2150 1271 2197; x_wconf 82' lang='lat' dir='ltr'>fatur:</span> <span class='ocrx_word' id='word_1_197' title='bbox 1313 2152 1435 2213; x_wconf 85' lang='lat' dir='ltr'>[rum</span> 
     </span>
     <span class='ocr_line' id='line_1_32' title="bbox 114 2215 1436 2281; baseline 0.004 -22"><span class='ocrx_word' id='word_1_198' title='bbox 114 2215 299 2277; x_wconf 65' lang='lat' dir='ltr'>Ace-ipe</span> <span class='ocrx_word' id='word_1_199' title='bbox 310 2224 360 2261; x_wconf 89' lang='lat' dir='ltr'>et</span> <span class='ocrx_word' id='word_1_200' title='bbox 375 2216 495 2272; x_wconf 83' lang='lat' dir='ltr'>haec,</span> <span class='ocrx_word' id='word_1_201' title='bbox 511 2233 736 2263; x_wconf 88' lang='lat' dir='ltr'>manuum</span> <span class='ocrx_word' id='word_1_202' title='bbox 753 2218 840 2264; x_wconf 89' lang='lat' dir='ltr'>tibi</span> <span class='ocrx_word' id='word_1_203' title='bbox 858 2234 967 2281; x_wconf 87' lang='lat' dir='ltr'>quae</span> <span class='ocrx_word' id='word_1_204' title='bbox 982 2226 1290 2264; x_wconf 86' lang='lat' dir='ltr'>monumenta</span> <span class='ocrx_word' id='word_1_205' title='bbox 1312 2235 1436 2264; x_wconf 86' lang='lat' dir='ltr'>mea-</span> 
     </span>
     <span class='ocr_line' id='line_1_33' title="bbox 115 2281 1437 2345; baseline 0.004 -19"><span class='ocrx_word' id='word_1_206' title='bbox 115 2281 236 2338; x_wconf 81' lang='lat' dir='ltr'>Sint,</span> <span class='ocrx_word' id='word_1_207' title='bbox 250 2298 388 2344; x_wconf 84' lang='lat' dir='ltr'>puer,</span> <span class='ocrx_word' id='word_1_208' title='bbox 406 2291 453 2329; x_wconf 90' lang='lat' dir='ltr'>et</span> <span class='ocrx_word' id='word_1_209' title='bbox 470 2283 665 2345; x_wconf 87' lang='lat' dir='ltr'>longum</span> <span class='ocrx_word' id='word_1_210' title='bbox 683 2283 1036 2331; x_wconf 75' lang='lat' dir='ltr'>Andromachae</span> <span class='ocrx_word' id='word_1_211' title='bbox 1054 2291 1288 2331; x_wconf 74' lang='lat' dir='ltr'>testentur</span> <span class='ocrx_word' id='word_1_212' title='bbox 1303 2302 1437 2332; x_wconf 83' lang='lat' dir='ltr'>amo·</span> 
     </span>
     <span class='ocr_line' id='line_1_34' title="bbox 252 2364 368 2404; baseline 0 -10"><span class='ocrx_word' id='word_1_213' title='bbox 252 2364 368 2404; x_wconf 87' lang='lat' dir='ltr'>rem,</span> 
     </span>
     <span class='ocr_line' id='line_1_35' title="bbox 115 2414 1434 2479; baseline 0.003 -19"><span class='ocrx_word' id='word_1_214' title='bbox 115 2414 347 2474; x_wconf 63' lang='lat' dir='ltr'>conjugis</span> <span class='ocrx_word' id='word_1_215' title='bbox 373 2415 644 2463; x_wconf 86' lang='lat' dir='ltr'>Hectoreae.</span> <span class='ocrx_word' id='word_1_216' title='bbox 683 2418 817 2479; x_wconf 90' lang='lat' dir='ltr'>Cape</span> <span class='ocrx_word' id='word_1_217' title='bbox 837 2417 965 2464; x_wconf 84' lang='lat' dir='ltr'>dona</span> <span class='ocrx_word' id='word_1_218' title='bbox 987 2423 1198 2463; x_wconf 79' lang='lat' dir='ltr'>extrema</span> <span class='ocrx_word' id='word_1_219' title='bbox 1225 2427 1434 2476; x_wconf 82' lang='lat' dir='ltr'>tuorum,</span> 
     </span>
     <span class='ocr_line' id='line_1_36' title="bbox 115 2481 1281 2550; baseline 0.009 -23"><span class='ocrx_word' id='word_1_220' title='bbox 115 2482 160 2527; x_wconf 87' lang='grc' dir='ltr'>Ο</span> <span class='ocrx_word' id='word_1_221' title='bbox 189 2481 303 2529; x_wconf 79' lang='lat' dir='ltr'>mihi</span> <span class='ocrx_word' id='word_1_222' title='bbox 350 2484 454 2532; x_wconf 82' lang='lat' dir='ltr'>sola</span> <span class='ocrx_word' id='word_1_223' title='bbox 479 2485 569 2531; x_wconf 82' lang='lat' dir='ltr'>mei</span> <span class='ocrx_word' id='word_1_224' title='bbox 595 2500 740 2547; x_wconf 81' lang='lat' dir='ltr'>super</span> <span class='ocrx_word' id='word_1_225' title='bbox 769 2485 1074 2547; x_wconf 72' lang='lat' dir='ltr'>Astyanactis</span> <span class='ocrx_word' id='word_1_226' title='bbox 1097 2487 1281 2550; x_wconf 75' lang='lat' dir='ltr'>imago!</span> 
     </span>
    </p>
   </div>
  </div>
 </body>
</html>
