1586 2704
108 77 204 126 370
444 83 493 117 P.
530 82 778 117 VIRGILlI
819 84 1082 121 MARONIS

102 198 237 246 Sistit
261 213 412 260 equos
440 197 646 260 bijuges,
672 206 720 245 et
744 216 882 246 curru
910 200 1089 257 desilit,
1116 209 1263 263 atque

101 264 374 312 Semianimi
390 264 621 327 lapsoque
646 267 933 328 supervenit,
958 274 1007 314 et
1025 266 1145 329 pede
1165 268 1293 314 collo

99 329 353 391 ImpreSSO,
379 330 558 377 dextrae
577 346 849 378 mucronem
868 341 1141 395 extorquet,
1165 342 1214 381 et
1236 335 1333 380 alto

99 397 376 459 Fulgentem
393 397 731 459 tIngitjuguIO,
751 407 893 459 atque
913 399 1398 462 haecinsuperaddit:

97 463 189 521 En,
214 480 367 525 agros,
383 473 430 511 et
455 481 598 526 quam
618 464 759 520 bello,
781 465 1013 526 Trqjane,
1039 468 1202 527 petisti
1301 473 1398 525 359

96 528 375 592 Hesperiam
403 531 566 577 metire
583 531 779 592 jacens:
817 532 920 578 haec
946 533 1157 594 praemia,
1183 533 1265 596 qui
1290 550 1365 580 me

97 596 258 654 Ferro,
285 597 387 643 ausi
415 605 613 653 tentare,
639 596 824 652 ferunt;
862 598 930 645 sic
956 599 1122 645 moenia
1146 600 1381 647 condunt.

96 663 224 709 Huic
243 663 467 709 comitem
485 663 718 720 Asbuten,
739 664 961 726 conjecta
986 665 1204 727 cuspide,
1224 666 1394 722 mittitg

97 729 414 791 Chloreaque,
451 730 788 793 Sybarimque,
829 733 1118 794 Daretaque,
1160 732 1399 779 Thersilo-

225 797 481 859 chumque,

93 862 157 908 Et
178 864 402 909 sternacis
429 862 540 925 equi
564 862 749 924 lapsum
772 864 955 911 cervice
978 865 1288 928 Thymoeten.

91 930 166 975 Ac
186 930 318 976 velut
343 930 495 975 Edoni
515 931 679 976 Boreae
702 930 810 976 cuin
838 931 1029 993 spiritus
1055 932 1151 978 alto

91 995 289 1042 Insonat
312 997 492 1056 AEgaeo,
520 996 827 1058 sequiturque
853 997 914 1043 ad
942 998 1102 1044 littora
1127 997 1321 1059 fluctus,

92 1061 203 1116 Qua
227 1062 354 1109 venti
371 1062 643 1119 incubuere,
670 1063 832 1124 fugam
858 1063 972 1110 dant
998 1065 1163 1111 nubila
1189 1067 1311 1113 coelo
1334 1085 1346 1122 ;

92 1128 366 1184 SicTurn0‚
386 1130 674 1191 quacunque
691 1129 813 1176 viani
828 1139 976 1187 secat,
995 1131 1183 1193 agmina
1196 1133 1392 1189 cedunt,

92 1194 442 1256 Conversaeque
454 1195 754 1250 ruuntacies;
781 1196 1280 1259 fertimpetusipsum,
1299 1200 1395 1254 369

90 1261 152 1307 Et
177 1261 372 1308 cristam
396 1262 596 1308 adverso
619 1279 758 1308 curru
776 1265 930 1325 quatit
953 1281 1066 1310 aura
1085 1265 1344 1313 volantem.

89 1327 200 1374 Non
224 1329 333 1375 tulit
356 1329 604 1376 instantem
631 1329 864 1391 PhegeuS,
898 1330 1163 1393 animisque
1189 1332 1394 1380 fremen-

219 1405 342 1442 tem:

89 1462 289 1523 Objecit
315 1480 418 1510 sese
443 1463 503 1509 ad
529 1479 734 1519 currum,
763 1471 811 1509 et
837 1464 1112 1525 spumantia
1137 1464 1297 1513 fraenis

91 1529 188 1575 Ora
213 1530 464 1576 citatorum
482 1529 648 1576 dextra
673 1530 873 1576 detorsit
897 1547 1145 1591 equorum.

88 1596 217 1643 Dum
235 1597 447 1652 trahitur,
461 1596 890 1658 pendetquejugis,
912 1597 1039 1643 hunc
1056 1598 1151 1644 lata
1164 1606 1396 1647 retectum

87 1662 279 1710 Lancea
303 1662 627 1724 consequitur,
654 1663 927 1724 rumpitque
949 1662 1097 1710 infixa
1123 1665 1311 1711 bilicem

87 1729 321 1785 Loricam,
348 1738 395 1776 et
418 1745 648 1776 summum
675 1728 902 1792 degustat
924 1729 1114 1775 vulnere
1133 1747 1326 1792 corpus.

88 1795 172 1842 llle
197 1804 372 1853 tamen,
401 1797 574 1859 clypeo
601 1795 814 1856 objecto,
850 1812 1109 1842 conversus
1134 1797 1180 1843 in
1207 1797 1393 1844 hostem

89 1863 200 1909 Ibat
223 1871 271 1909 et
290 1863 512 1909 auxilium
539 1863 687 1908 ducto
713 1879 941 1909 mucrone
959 1863 1185 1925 petebat:

90 1930 211 1976 Cum
235 1938 340 1976 rota
364 1929 654 1991 praecipitem
679 1938 725 1975 et
749 1946 982 1992 procursu
1008 1930 1222 1976 consitus
1245 1930 1347 1976 axis

60 2004 63 2005 ’
90 1996 303 2057 Impulit,
319 1996 618 2059 effunditque
629 1995 728 2042 solo
743 2011 753 2041 :
772 1996 1064 2057 Turnusque
1078 2004 1394 2052 secutus,380

90 2063 238 2109 Imam
259 2063 381 2109 inter
404 2063 586 2124 galeam
612 2062 778 2108 summi
802 2062 1006 2108 thoracis
1031 2069 1079 2108 et
1102 2079 1226 2118 oras,

89 2128 303 2176 Abstulit
325 2146 433 2176 ense
456 2137 618 2190 caput,
643 2137 963 2190 truncumque
988 2129 1177 2190 reliquit
1201 2128 1359 2175 arena.

157 2197 319 2256 Atque
336 2212 390 2242 ea
408 2195 519 2242 dum
542 2195 724 2258 campis
744 2194 1167 2242 victordatfunera
1182 2196 1391 2252 Turnus,

88 2263 276 2309 Interea
301 2263 495 2308 AEneam
515 2263 814 2317 Mnestheus,
841 2270 888 2307 et
911 2261 1037 2307 fidus
1064 2261 1292 2318 Achates,

87 2328 417 2390 Ascaniusque
441 2345 619 2385 comes,
642 2328 804 2374 castris
832 2330 1042 2375 statuere
1067 2338 1337 2385 cruentum,

88 2395 312 2442 Alternos
335 2395 477 2457 longa
502 2395 727 2442 nitentem
754 2394 956 2456 cuspide
979 2410 1186 2457 gressus.

90 2462 252 2518 Saevit,
274 2468 322 2508 et
340 2461 543 2508 infracta
567 2462 773 2508 luctatur
795 2460 1021 2508 arundine
1041 2461 1188 2507 telum

91 2529 299 2591 Eripere,
323 2528 594 2591 auxilioque
620 2527 761 2585 viam,
789 2544 897 2591 quae
922 2527 1152 2592 proxima,
1179 2526 1360 2591 poscit:
