1580 2686
105 93 166 135 58
438 101 487 135 Ρ.
525 99 774 135 VIRGILII
812 99 1077 136 MARoms

105 193 327 240 Versibus
354 192 568 239 incomtis
594 193 781 249 ludunt,
807 194 996 257 risuque
1021 195 1176 242 soluto
1198 233 1210 252 ‚

105 262 300 322 Oraque
325 259 584 306 corticibus
609 269 798 307 sumunt
822 261 1058 308 horrenda
1079 261 1275 308 cavatis.

104 328 170 373 Et
195 336 253 380 te,
281 325 493 380 Bacche,
521 335 694 372 vocant
718 342 802 386 per
826 327 1037 374 carmina
1057 328 1182 385 laeta,
1223 326 1411 389 tibique

106 393 288 440 Oscilla
315 409 373 439 ex
398 392 495 438 alta
513 392 812 455 suspendunt
836 393 997 439 mollia
1023 394 1155 454 pinu.

105 460 234 505 Hinc
260 458 410 505 omnis
435 459 565 519 largo
591 458 814 519 pubescit
839 461 974 506 vinea
995 459 1142 507 foetu:
1314 466 1412 515 390

106 526 423 588 Complentur
447 525 687 585 vallesque
715 540 845 570 cavae
871 526 1113 587 saltusque
1139 525 1376 586 profundi,

104 593 166 638 Et
184 607 489 653 quocumque
507 592 634 636 Deus
654 589 836 636 circum
858 600 1005 653 caput
1021 592 1118 652 egit
1138 593 1407 641 honestum.

104 660 230 721 ,Ergo
255 658 344 704 rite
370 672 504 702 suum
538 657 728 702 Baccho
753 656 969 703 dicemus
990 657 1214 705 honorem

106 724 404 771 Carminibus
429 722 611 784 patriis,
638 722 898 785 lancesque
924 732 970 770 et
995 724 1097 771 liba
1121 724 1326 771 feremus
1348 742 1360 779 ;

106 793 169 838 Et
191 791 365 836 ductus
390 805 539 835 cornu
565 789 713 836 stabit
737 805 870 836 sacer
895 790 1052 837 hircus
1078 790 1139 837 ad
1166 807 1311 844 aram,

106 857 403 919 Pinguiaque
430 855 475 900 in
502 856 707 902 verubus
742 857 1025 903 torrebimus
1050 865 1159 904 exta
1184 856 1409 904 colurnis⁴

173 925 256 970 Est
277 923 419 969 etiam
443 920 521 967 ille
547 921 683 967 labor
707 923 925 969 curandis
950 924 1126 970 vitibus
1146 924 1280 980 alter,

112 991 201 1039 Cui
232 1005 476 1050 nunquam
502 988 721 1035 exhausti
747 990 858 1035 satis
882 998 978 1036 est:
1018 1006 1224 1053 namque
1270 1005 1411 1036 omne

240 1054 492 1118 quotannis
1251 1056 1414 1118 [versis

105 1124 304 1186 Terque
325 1129 590 1184 quaterque
615 1121 768 1167 solum
804 1121 1144 1178 scindendum,
1179 1123 1412 1184 glebaque

112 1189 354 1237 AEternum
384 1187 645 1249 frangenda
670 1187 965 1244 bidentibus,
994 1205 1132 1234 omne
1156 1189 1410 1235 levandum

121 1257 311 1303 Fronde
333 1270 514 1301 nemus.
575 1253 720 1300 Redit
755 1254 973 1317 agricolis
1016 1255 1150 1301 labor
1187 1263 1325 1302 actus
1366 1255 1412 1301 in

240 1322 422 1376 orbem,
1316 1328 1408 1369 401

107 1392 268 1451 Atque
291 1390 337 1435 in
363 1405 414 1434 se
440 1406 524 1437 sua
549 1407 636 1452 per
660 1387 860 1450 vestigia
883 1387 1086 1434 volvitur
1110 1403 1280 1434 annus.

107 1459 182 1504 Ac
198 1457 302 1517 jam
324 1454 434 1501 olim
461 1473 583 1503 seras
609 1457 771 1518 posuit
794 1455 903 1501 cum
928 1455 1061 1500 vinea
1081 1453 1291 1509 frondes,

109 1523 325 1584 Frigidus
350 1527 397 1566 et
421 1523 549 1569 silvis
571 1524 751 1586 Aquilo
776 1521 986 1567 decussit
1012 1521 1239 1566 honorem
1260 1537 1272 1574 ;

106 1589 214 1635 Jam
240 1598 338 1635 turn
364 1602 474 1635 acer
498 1606 635 1636 curas
663 1588 927 1635 venientem
944 1585 1214 1633 extenditin
1233 1602 1412 1634 annum

106 1655 354 1710 Rusticus,
385 1662 434 1701 et
449 1671 595 1701 curvo
622 1654 810 1702 Saturni
830 1653 974 1700 dente
998 1653 1214 1700 relictam

106 1722 419 1783 Persequitur
443 1722 586 1769 vitem
610 1721 883 1775 attondens,
910 1718 1139 1782 fingitque
1159 1719 1389 1781 putando,

106 1788 290 1835 Primus
316 1789 514 1835 humum
537 1787 709 1844 fodito,
735 1787 915 1849 primus
941 1786 1143 1833 devecta
1167 1794 1378 1832 cremato

108 1856 370 1912 Sarmenta,
393 1864 440 1902 et
465 1856 616 1902 vallos
642 1855 821 1916 primus
838 1852 927 1900 sub
953 1860 1081 1899 tecta
1103 1851 1310 1906 referto;

105 1921 382 1969 Postremus
407 1923 587 1969 metito.
617 1921 695 1967 Bis
716 1921 889 1967 vitibus
907 1919 1080 1981 ingruit
1098 1919 1294 1972 umbra;
1317 1925 1413 1965 410

105 1988 185 2034 Bis
210 1997 418 2049 segetem
444 1988 601 2034 densis
627 1987 878 2034 obducunt
904 1986 1116 2032 sentibus
1144 1985 1306 2032 herbae
1328 2000 1338 2030 :

106 2055 270 2101 Durus
298 2063 495 2117 uterque
516 2055 667 2101 labor.
707 2054 926 2100 Laudato
950 2051 1162 2114 iugentia
1185 2067 1293 2097 rura
1313 2067 1324 2097 ε

105 2120 344 2181 Exiguum
370 2121 531 2168 colito.
569 2121 773 2168 Necnon
797 2119 935 2166 etiarn
963 2133 1129 2180 aspera
1154 2119 1279 2165 rusci

108 2186 300 2233 Vimina
325 2203 412 2249 per
438 2187 622 2244 silvam,
650 2195 698 2234 et
722 2186 837 2249 ripis
863 2185 1061 2233 fluvialis
1082 2184 1265 2230 arundo

106 2252 352 2308 Caeditur;
380 2254 645 2316 incultique
662 2262 851 2300 exercet
872 2269 985 2298 cura
1006 2251 1172 2299 salicti.

105 2320 214 2367 Jam
235 2319 410 2366 vinctae
431 2320 566 2376 vites,
583 2320 684 2379 jam
729 2319 899 2366 falcem
933 2319 1125 2364 arbusta
1157 2324 1413 2380 reponunt,

105 2387 208 2432 Jam
234 2387 363 2432 canit
388 2395 622 2433 extremos
643 2385 829 2433 effoetus
850 2385 1022 2431 vinitor
1050 2392 1182 2430 antes
1206 2401 1216 2430 ε

107 2452 427 2498 Sollicitanda
466 2460 626 2499 tamen
665 2453 825 2508 tellus,
848 2451 1102 2513 pulvisque
1120 2449 1415 2504 movendus;

108 2518 172 2564 Et
189 2518 293 2578 jam
315 2519 514 2566 maturis
541 2518 822 2566 metuendus
848 2519 1035 2581 Jupiter
1065 2517 1183 2565 uvis.
