1607 2700
491 113 495 117 ’
556 129 814 165 AENmnos
861 130 966 164 Lm.
1017 131 1076 163 11.
1394 126 1483 173 137

178 251 297 300 Cum
309 249 538 305 subitum,
555 247 786 312 dictuque
797 249 946 296 oritur
966 248 1175 295 mirabile
1199 259 1482 298 monstrum.

174 319 389 380 Namque
402 331 568 363 manus
579 315 714 373 inter,
729 323 1106 378 moestorumque
1120 331 1201 361 ora
1214 324 1482 377 parentum,

173 386 298 432 Ecce
322 383 440 430 levis
466 399 651 431 summo
675 384 734 430 de
760 384 937 430 vertice
957 383 1081 429 visus
1108 382 1199 428 Iuli
1386 383 1481 431 682

174 451 388 498 Fundere
415 452 575 496 lumen
598 468 737 513 apex,
767 458 994 512 tactuque
1021 449 1209 494 innoxia
1251 449 1402 494 mollis

178 517 405 564 Lambere
423 516 614 563 flamma
632 535 811 574 coinaS,
831 527 878 563 et
894 517 1074 563 circum
1097 524 1313 576 tempora
1334 515 1480 577 pasci.

173 585 277 631 Nos
303 583 459 645 pavidi
481 586 720 647 trepidare
742 593 888 639 metu,
911 584 1183 643 crinemque
1205 581 1481 643 flagrantem

173 652 426 707 Excutere,
448 660 495 697 et
514 661 702 699 sanctos
723 653 1010 713 restinguere
1035 648 1253 695 fontibus
1270 651 1415 710 ignes.

173 720 237 764 At
264 727 399 779 pater
424 719 658 766 Anchises
684 720 850 766 oculos
877 718 937 764 ad
965 717 1120 764 sidera
1147 718 1283 762 laetus

173 785 372 841 Extulit,
400 794 446 831 et
471 786 592 833 coelo
614 788 796 849 palmas
818 802 929 832 cum
955 801 1075 830 voce
1096 783 1319 831 tetendit:

238 852 428 914 Jupiter
449 853 766 915 omnipotens,
790 852 1015 915 precibus
1038 852 1073 897 si
1098 850 1302 898 flecteris
1329 848 1449 903 ullis,

173 919 355 980 Aspice
377 935 497 965 nos.
525 919 617 967 hoc
640 922 858 968 tantum:
887 929 949 975 et,
970 936 1006 964 5ι
1027 919 1201 980 pietate
1229 932 1480 970 meremur,

176 985 254 1031 Da
279 985 448 1032 deinde
464 986 693 1033 auxilium
711 996 865 1061 pater,
884 995 1030 1047 atque
1044 988 1144 1032 haec
1157 985 1313 1031 omina
1330 982 1480 1028 firma.

174 1051 264 1098 Vix
284 1069 340 1100 ea
360 1052 486 1099 fatus
511 1060 615 1100 erat
634 1056 802 1110 senior,
827 1054 1087 1115 subitoque
1112 1052 1298 1112 smgore
1384 1048 1480 1105 692

174 1119 392 1167 Intonuit
415 1120 606 1176 laevnm,
632 1130 678 1167 et
705 1125 764 1167 de
787 1121 909 1168 coelo
937 1121 1068 1182 lapsa
1095 1135 1182 1181 per
1203 1118 1400 1165 umbras

176 1186 327 1234 Stella
353 1187 509 1234 facem
530 1187 712 1236 ducens
739 1190 887 1236 multa}
916 1204 1026 1234 cum
1053 1187 1161 1233 luce
1183 1185 1414 1232 cucurrit.

175 1253 331 1310 Illam,
360 1270 547 1300 summa
573 1271 718 1317 super
741 1255 977 1302 labentem
1004 1253 1212 1300 culmina
1236 1252 1371 1307 tecti,

176 1322 427 1368 Cernimus
452 1319 584 1367 Idaefi
609 1322 787 1368 claram
814 1340 863 1369 se
890 1321 1095 1369 condere
1121 1321 1258 1375 silva,

177 1389 548 1451 Signantemque
574 1387 698 1443 vias;
725 1398 826 1435 tum
845 1390 990 1450 longo
1015 1388 1162 1433 limite
1188 1386 1348 1433 sulcus

177 1456 275 1503 Dat
295 1455 469 1512 lucem,
491 1462 538 1501 et
564 1454 655 1502 late
683 1456 867 1503 circum
891 1456 999 1502 loca
1024 1455 1203 1501 sulfure
1228 1453 1428 1501 fumant.

178 1523 270 1569 Hic
295 1520 408 1568 vero
433 1522 588 1569 victus
612 1523 798 1585 genitor
823 1539 871 1569 se
892 1523 1012 1569 tollit
1032 1521 1093 1568 ad
1120 1537 1275 1578 auras,

175 1589 459 1649 Affaturque
486 1590 633 1645 Deos,
656 1597 705 1636 et
728 1598 950 1637 sanctum
976 1590 1106 1636 sidus
1133 1587 1316 1635 adorat.
1388 1593 1485 1641 700

170 1656 278 1703 Jam
296 1657 403 1719 jam
422 1655 551 1703 nulla
574 1672 708 1703 mora
727 1667 820 1704 est:
848 1673 1038 1719 sequor,
1065 1663 1128 1712 et,
1156 1671 1252 1718 qua
1290 1654 1482 1710 ducitis,

175 1724 592 1788 Dipatr11‚servate
603 1724 820 1780 domum
827 1732 1012 1770 servate
1024 1732 1265 1786 nepotem.
1273 1721 1482 1784 [adsum.

172 1790 394 1838 Vestrum
411 1790 504 1837 hoe
523 1792 791 1855 augurium,
809 1792 1117 1854 vestroquein
1132 1789 1324 1836 numine
1335 1787 1486 1848 Troja

240 1867 325 1906 est.

174 1925 312 1974 Cedo
334 1926 690 1989 equidem‚nec,
707 1934 833 1981 nate,
851 1924 934 1972 tibi
958 1940 1117 1971 comes
1144 1923 1209 1972 ire
1233 1939 1417 1970 recuso,

242 1994 441 2040 Dixerat
465 1993 538 2039 ille
559 2011 571 2049 ;
615 2002 664 2040 et
683 1995 785 2056 jam
809 2010 893 2055 per
908 1991 1078 2038 moenia
1103 1991 1276 2038 clarior
1298 1989 1417 2051 ignis

174 2060 396 2117 Auditur,
422 2061 717 2123 propiusque
742 2068 884 2107 aestus
909 2058 1131 2105 incendia
1156 2058 1367 2105 volvunt.

175 2127 304 2190 Ergo
324 2144 427 2188 age,
450 2144 557 2174 care
578 2138 730 2190 pater,
751 2126 926 2175 cervici
951 2126 1198 2189 imponere
1224 2135 1424 2180 nostrae;
1445 2124 1451 2131 “

176 2193 286 2255 Ipse
311 2195 486 2241 subibo
512 2195 734 2251 humeris,
762 2210 849 2242 nec
875 2209 951 2240 me
976 2194 1111 2240 labor
1135 2193 1222 2240 iste
1247 2192 1482 2253 gravabit.

177 2260 289 2314 Quo
308 2278 380 2309 res
407 2278 597 2324 cunque
623 2262 815 2316 cadent,
842 2277 988 2308 unum
1006 2269 1061 2307 et
1088 2276 1341 2306 commune
1363 2261 1483 2321 perl-

177 2327 286 2373 Una
305 2328 432 2376 salus
448 2330 684 2377 ambobus
698 2330 816 2377 erit.
845 2328 956 2374 mihi
974 2343 1146 2389 parvus
1166 2327 1295 2374 Iulus
1313 2326 1479 2388 [clum‚

177 2393 254 2440 Sit
269 2409 445 2451 comes,
469 2405 518 2444 et
537 2396 675 2460 longe
697 2404 851 2444 servet
876 2395 1073 2455 vestigia
1097 2410 1296 2454 conjux
1383 2400 1475 2447 711

177 2461 293 2516 Vos,
329 2460 507 2519 famuli,
525 2480 635 2527 quae
618 2436 825 2519 0dicam,
856 2461 1019 2509 animis
1036 2460 1271 2507 advertite
1297 2459 1479 2505 vestris.

177 2525 266 2579 Est
291 2528 408 2575 urbe
419 2532 612 2592 egressis
634 2531 863 2585 tumuluS‚
891 2528 1219 2602 templumque
1239 2526 1476 2572 vetustum

179 2593 393 2644 Desertae
412 2597 613 2655 Cereris,
633 2598 873 2660 juxtaque
898 2597 1095 2659 antiqua
1114 2608 1388 2657 cupressuS,
