1602 2708
581 82 827 117 AENEmos
857 84 961 117 Lm.
988 80 1048 111 11·
1388 70 1467 112 117

142 202 375 249 Personat
397 197 576 254 aurata,
603 196 770 243 docuit
797 213 905 258 quae
931 199 1164 242 maximus
1193 197 1342 246 Atlas.

144 268 237 314 Hic
258 265 386 314 canit
409 272 643 310 errantem
671 264 871 319 Lunam,
900 263 1116 323 Solisque
1142 264 1358 321 laborem

143 333 286 380 Unde
310 331 551 379 hominum
577 346 737 393 genuS,
773 339 821 376 et
847 327 1094 391 pecudes;
1133 330 1260 378 unde
1303 333 1472 389 imber,

209 406 258 444 et
281 398 411 459 ignes
431 414 443 452 ;
1343 401 1473 461 [nesz
1542 392 1546 396 ⁴

143 468 416 519 Arcturum,
443 462 728 526 pluviasque
750 462 963 525 Hyadas,
1002 462 1314 526 geminosque
1339 467 1478 512 Trio-

143 530 268 585 Quid
298 530 478 576 tantum
507 530 707 576 Oceano
728 536 985 590 properent
1010 545 1058 575 se
1085 530 1264 592 tingere
1289 533 1410 579 soles

143 596 377 658 Hyberni,
406 597 480 643 vel
507 612 615 658 quae
641 596 791 642 tardis
817 612 950 642 mora
975 596 1199 643 noctibus
1233 598 1408 646 obstet.

143 663 442 724 Ingeminant
468 663 684 725 plausum
711 662 860 725 Tyrii,
887 663 1138 724 Troesque
1160 675 1441 726 sequuntur.

208 729 410 775 Necnon
430 740 478 776 et
501 730 627 775 vario
653 739 844 775 noctem
870 744 1084 775 sermone
1107 732 1327 777 trahebat

140 794 309 841 Infelix
337 795 480 853 Dido,
508 796 799 857 longumque
827 795 1022 841 bibebat
1048 812 1285 851 amorem;
1374 799 1472 861 [tat

142 862 300 908 Multa
326 879 471 925 super
494 862 685 909 Priamo
713 863 937 923 rogitans,
966 878 1108 923 super
1129 864 1340 910 Hectore
1360 866 1472 911 mul·

142 928 302 985 Nunc,
331 930 505 991 quibus
532 934 732 978 Aurorae
759 928 964 975 venisset
988 927 1115 975 filius
1137 930 1303 985 armis;
1377 939 1466 985 751

139 994 301 1051 Nunc,
340 996 508 1057 quales
558 995 809 1042 Diomedis
863 996 1002 1058 equi3
1071 1012 1214 1052 nunc,
1268 1010 1472 1059 quantus

208 1061 434 1108 Achilles.

143 1126 294 1174 Immo
319 1145 421 1192 age,
448 1137 494 1176 et
519 1145 547 1176 a
572 1128 727 1192 prima
756 1129 852 1186 dic,
881 1128 1073 1190 hospes,
1096 1128 1275 1191 origine
1303 1131 1438 1176 nobis

144 1193 354 1252 insidias,
382 1196 551 1257 inquit,
582 1196 819 1252 Danaum,
848 1212 1082 1257 casusque
1111 1204 1321 1252 tuorum,

138 1261 433 1324 Erroresque
459 1270 565 1308 tuos
588 1279 598 1308 :
636 1278 745 1306 nam
773 1272 818 1308 te
837 1262 941 1322 jam
969 1261 1168 1322 septima
1195 1271 1354 1323 portat

140 1327 377 1373 Omnibus
404 1337 637 1374 errantem
665 1328 796 1373 terris
821 1338 868 1374 et
892 1327 1114 1374 fluctibus
1148 1338 1304 1375 aestas.

607 1438 999 1461 w

659 1505 857 1553 LIBER
881 1506 945 1554 ΙΙ.

146 1598 544 1667 CON-TICUERE
569 1636 751 1675 omnes,
778 1618 1044 1681 intentique
1069 1635 1149 1665 ora
1176 1620 1419 1665 tenebant.

145 1685 266 1732 lude
293 1693 397 1732 turo
423 1695 559 1748 pater
584 1686 755 1732 AEneas
782 1686 849 1732 sic
875 1702 1007 1731 orsus
1033 1686 1095 1731 ab
1121 1685 1242 1731 alto:

141 1751 417 1808 Infandum,
445 1753 645 1815 Regina,
667 1752 814 1812 jubes
840 1769 1068 1798 renovare
1095 1752 1307 1797 dolorem
1329 1769 1340 1806 ;

140 1818 373 1879 Trojauas
395 1827 448 1864 ut
473 1835 589 1881 opes
614 1828 661 1865 et
688 1818 991 1871 lamentabile
1018 1835 1212 1872 regnum

144 1884 367 1931 Eruerint
393 1886 564 1940 Danai,
593 1902 800 1948 quaeque
829 1886 933 1946 ipse
959 1885 1214 1930 miserrima
1239 1883 1353 1939 vidi,

142 1950 206 1997 Et
231 1967 433 2014 quorum
460 1968 572 2015 pars
600 1969 772 2012 magna
798 1951 881 1998 fui.
955 1951 1072 2004 Quis
1102 1952 1213 1996 talia
1241 1950 1385 1995 fando

142 2018 521 2079 Myrmidonum,
563 2018 882 2079 Dolopumve,
910 2026 991 2063 aut
1019 2018 1124 2063 (luri
1151 2016 1281 2084 miles
1312 2016 1451 2074 Ulixi,

141 2083 405 2146 Temperet
429 2101 457 2131 a
481 2085 742 2148 lacrymis?
781 2085 947 2145 etjam
975 2101 1067 2129 nox
1096 2084 1288 2129 humida
1313 2086 1436 2130 coelo
1471 2143 1476 2150 .

141 2148 436 2213 Praecipitat,
460 2152 761 2213 suadentque
787 2151 1005 2197 cadentia
1032 2151 1188 2197 sidera
1214 2168 1419 2196 somnos.
1472 2154 1475 2168 ²

145 2215 240 2262 Sed
268 2217 305 2262 si
329 2226 489 2264 tantus
505 2234 639 2265 amor
663 2236 802 2264 casus
829 2235 1122 2277 cognoscere
1145 2228 1348 2272 nostros,
1399 2228 1452 2263 lo

146 2280 207 2326 Et
232 2282 439 2332 breviter
459 2284 628 2345 Trojae
653 2300 923 2345 supremum
951 2285 1117 2331 audire
1143 2282 1388 2338 laborem3

143 2345 431 2404 Quanquam
446 2348 626 2392 animus
647 2348 912 2394 meminisse
935 2349 1109 2405 horret,
1129 2350 1360 2410 luctuque
1380 2370 1449 2398 rc-

144 2407 390 2470 lncipiam.
450 2412 605 2457 Fracti
636 2413 774 2467 bello,
799 2413 1008 2477 fatisque
1034 2415 1227 2478 repulsi,
1275 2417 1445 2479 [fugit;

144 2474 384 2522 Ductores
410 2478 647 2535 Danaum,
677 2489 747 2525 tot
765 2480 868 2541 jam
892 2481 1160 2529 labentibus
1187 2484 1337 2539 anniS,

145 2539 302 2588 lustar
323 2542 494 2590 montis
516 2561 711 2607 equum,
738 2548 895 2594 divina
924 2549 1127 2595 Palladis
1151 2557 1269 2604 arte,
