1602 2708
146 117 237 156 114
493 123 541 156 Ρ.
581 122 830 157 V1RG1L11
873 123 1134 158 MARONxs

139 242 296 303 Terga
313 241 466 298 susim,
489 242 686 304 pingues
703 252 895 289 centum
916 260 1022 289 cum
1044 242 1272 289 matribus
1291 257 1462 306 agnos:

140 309 359 364 Munera,
385 309 693 371 laetitiamque
719 310 825 355 Dei.

206 379 271 422 At
296 375 465 421 domus
491 375 684 422 interior
709 376 848 436 regali
876 375 1124 437 splendida
1151 375 1263 421 luxu

139 441 408 497 Instruitur,
438 442 700 503 mediisque
726 452 890 502 parant
918 443 1138 488 convivia
1155 443 1312 489 tectis.

143 509 254 554 Arte
276 508 501 554 laboratae
528 517 699 564 vestes,
723 517 950 570 ostroque
975 509 1209 568 superbo:

140 574 307 635 Ingens
333 582 578 635 argentum
607 575 797 630 mensis,
823 575 1087 634 caelataque
1111 576 1155 620 in
1183 591 1299 621 auro
1367 580 1464 623 040

138 640 293 686 Fortia
321 640 446 686 sacta
466 649 673 701 patrum,
700 641 841 687 series
867 640 1134 702 longissima
1160 658 1331 699 rerum,

137 707 229 752 Per
247 714 320 752 tot
343 706 488 752 ducta
513 707 636 753 viros
662 707 857 768 antiqua
878 707 938 752 ab
964 706 1141 768 origine
1167 709 1333 769 gentis.

205 773 376 818 AEneas
400 778 572 835 (neque
598 774 721 819 enirn
747 773 927 835 patrius
967 774 1221 820 consistere
1259 783 1464 821 mentem

138 840 312 886 Passus
337 843 491 896 amor)
515 840 734 902 rapidum
759 842 819 886 ad
856 856 996 886 naves
1022 840 1271 901 praemittit
1310 841 1465 887 Acha-

206 913 319 961 tem,

137 972 350 1018 Ascanio
375 972 496 1019 ferat
519 973 640 1028 haec,
663 972 913 1034 ipsumque
937 973 994 1018 ad
1021 973 1189 1019 moenia
1217 972 1381 1020 ducat.

139 1038 309 1084 Omnis
331 1038 376 1084 in
402 1039 612 1085 Ascanio
633 1039 728 1085 cari
757 1048 850 1085 stat
878 1056 990 1085 cura
1016 1040 1244 1101 parentis,

140 1105 346 1151 Munera
370 1114 620 1167 praeterea,
645 1105 803 1151 Iliacis
827 1115 992 1168 erepta
1018 1106 1177 1161 ruinis,

139 1171 280 1217 Ferre
299 1171 461 1232 jubet,
490 1173 664 1234 pallam
688 1171 828 1234 signis
853 1188 1063 1234 auroque
1089 1173 1333 1234 rigentem,

138 1238 199 1282 Et
225 1239 590 1284 circumtextum
625 1254 798 1285 croceo
821 1239 1026 1284 velamen
1053 1240 1277 1294 acantho,

140 1304 352 1350 Ornatus
378 1305 569 1367 Argivae
599 1306 811 1359 Helenae,
842 1321 961 1366 quos
987 1305 1064 1350 illa
1093 1306 1331 1367 M)·‹·enis‚
1370 1303 1468 1352 650

137 1369 368 1432 Pergama
389 1371 496 1417 cum
517 1379 713 1433 peteret,
737 1372 1139 1434 inconcessosque
1163 1373 1465 1435 Hymenaem,

139 1437 406 1494 Extulerat‚
433 1439 595 1484 matris
617 1438 762 1484 Ledae
781 1438 994 1483 mirabile
1019 1439 1213 1485 donum.

139 1503 376 1550 Praeterea
402 1514 643 1566 sceptrum
671 1505 818 1550 Ilione
845 1504 976 1566 quod
1004 1516 1209 1565 gesserat
1234 1505 1362 1561 olim,

139 1570 353 1616 Maxima
372 1580 590 1617 natarum
617 1571 806 1626 Priami,
835 1571 1058 1632 colloque
1085 1573 1253 1617 monile

139 1636 422 1692 Baccatum,
448 1637 749 1698 etduplicem
772 1637 963 1696 gemmis
987 1653 1198 1699 auroque
1225 1653 1467 1684 coronam.

139 1702 261 1748 Haec
288 1703 512 1759 celerans,
538 1703 626 1749 iter
645 1703 704 1750 ad
728 1719 868 1749 naves
894 1704 1120 1750 tendebat
1143 1704 1367 1750 Achates.

205 1771 271 1815 At
298 1770 534 1832 Cytherea
559 1786 705 1815 novas
732 1779 875 1826 artes,
902 1785 1024 1815 nova
1051 1780 1242 1831 pectore
1280 1779 1435 1817 versat

142 1835 383 1890 Consilia;
422 1846 473 1883 ut
498 1835 666 1883 faciem
689 1845 895 1882 mutatus
921 1845 967 1882 et
992 1853 1071 1882 ora
1096 1837 1287 1897 Cupido

139 1902 234 1947 Pro
261 1902 390 1948 dulci
417 1904 624 1949 Ascanio
651 1903 822 1958 veniat,
849 1903 1079 1965 donisque
1106 1903 1335 1949 furentem

144 1968 372 2015 lncendat
392 1970 618 2032 reginam,
646 1980 790 2031 atque
816 1969 1003 2016 ossibus
1031 1970 1244 2030 implicet
1268 1971 1431 2027 ignem.

141 2035 340 2098 Quippe
366 2036 559 2082 domum
586 2037 720 2083 timet
758 2036 1047 2099 ambiguam,
1087 2037 1361 2099 Tyriosque
1403 2037 1471 2081 bi-

207 2101 402 2164 lingueS.
1374 2102 1463 2148 061

142 2168 251 2213 Urit
277 2178 410 2214 atrox
441 2170 581 2225 Juno,
609 2178 654 2216 et
680 2170 768 2216 sub
794 2179 978 2216 noctem
1006 2186 1116 2216 cura
1143 2176 1369 2216 recursat.

141 2233 268 2294 Ergo
296 2235 364 2280 his
389 2236 615 2296 aligerum
644 2237 786 2283 dictis
811 2237 983 2283 affatur
1008 2240 1228 2282 Amorem
1250 2254 1260 2284 :

142 2300 285 2356 Nate,
316 2318 431 2347 meae
459 2301 594 2358 vires,
623 2319 726 2349 mea
751 2319 919 2364 magna
944 2303 1183 2365 potentia;
1224 2302 1371 2359 solus,

142 2366 285 2423 Nate,
313 2368 460 2430 patris
481 2369 648 2414 summi
670 2368 750 2430 qui
777 2371 870 2416 tela
894 2369 1117 2430 Typhoia
1149 2370 1312 2415 temnis
1336 2388 1346 2421 ;

144 2433 221 2480 Ad
249 2442 294 2480 te
321 2434 560 2495 confugit),
586 2443 634 2481 et
659 2435 856 2497 supplex
882 2443 963 2482 tua
980 2436 1178 2493 numina
1208 2452 1371 2496 posco.

146 2501 307 2547 Frater
333 2510 380 2547 ut
405 2503 575 2548 AEneas
592 2501 762 2565 pelago
788 2511 896 2548 tuus
915 2501 1070 2548 omnia
1095 2501 1273 2548 circuni

148 2567 324 2614 Littora
338 2567 569 2630 jactetur,
595 2567 719 2615 odiis
743 2567 945 2617 Junonis
971 2567 1162 2630 iniquaea
