1607 2700
1372 92 1395 128 ιθ

1401 93 1422 128 (3

1427 93 1453 130 ω

538 101 800 135 AENEIDOS
842 100 953 133 Ltss.
995 101 1074 134 IX.

153 214 213 261 Et
241 212 368 261 venit
392 214 541 259 aversi
565 213 610 258 in
637 220 819 274 tergum
848 213 1102 267 Sulmonis,
1130 212 1292 274 ibique

155 280 420 341 Frangitur,
448 295 502 324 ac
531 277 643 324 fisso
668 279 839 326 transit
864 278 1128 341 praecordia
1156 279 1300 339 ligno.

153 346 374 392 Volvitur
398 345 493 399 ille,
522 360 717 391 vomens
743 344 947 391 calidum
976 344 1034 389 de
1061 352 1255 405 pectore
1286 343 1458 392 flumen

155 412 389 472 Frigidus,
415 418 463 456 et
489 411 641 471 longis
667 410 951 471 singultibus
979 409 1053 455 ilia
1080 410 1248 471 pulsat.

154 478 341 524 Diversi
365 476 773 538 circumspiciunt.
846 477 955 523 Hoc
982 475 1135 522 acrior
1157 476 1280 522 idem

154 545 282 590 Ecce
306 542 429 589 aliud
458 543 642 588 sumnia
669 543 812 588 telum
842 542 1044 589 librabat
1069 542 1129 588 ab
1154 558 1294 598 aure;
1345 545 1459 609 [que

154 611 282 656 Dum
304 608 539 671 trepidant
558 624 568 661 ;
596 610 647 655 iit
668 610 800 655 basta
818 609 954 669 Tago
973 624 1058 670 per
1076 615 1268 670 tempus
1288 617 1465 656 utrum-

155 674 390 731 Stridens‚
404 674 705 737 trajectoque
722 675 852 721 haesit
872 675 1113 736 tepefacta
1130 676 1340 721 cerebro,
1366 682 1463 731 419

154 741 301 788 Saevit
326 750 461 787 atrox
494 741 739 797 Volscens,
767 757 854 787 nec
882 742 963 787 teli
1002 741 1235 802 conspicit
1264 758 1461 802 usquam

154 809 433 864 Auctorem,
459 823 546 853 nec
572 810 667 869 quo
696 824 742 854 se
770 809 939 853 ardens
966 808 1217 854 immittere
1243 809 1394 869 possit
1418 824 1429 855 z

154 873 233 919 Tu
261 882 419 920 tamen
444 875 618 920 interea
646 874 798 919 calido
827 874 936 919 milri
963 874 1187 934 sanguine
1213 891 1376 936 poenas

155 939 406 986 Persolves
430 940 700 996 amborum,
726 939 894 1001 inquit.
965 940 1116 987 Simul
1142 956 1252 986 ense
1280 940 1463 987 recluso

155 1005 265 1052 Ibat
290 1005 336 1052 in
365 1005 638 1067 Euryalum.
709 1006 835 1052 Tum
863 1004 977 1052 vero
1008 1006 1276 1062 exterritus,
1303 1022 1463 1053 amens

158 1072 444 1118 Conclamat
469 1071 616 1117 Nisus
639 1088 650 1124 ;
690 1088 776 1117 nec
804 1088 850 1116 se
877 1071 1030 1118 celare
1057 1073 1266 1119 tenebris

156 1137 393 1200 Amplius,
418 1146 501 1184 aut
525 1144 711 1183 tantum
739 1137 896 1200 potuit
921 1138 1128 1201 perferre
1154 1139 1363 1185 dolorem
1386 1154 1397 1184 :

157 1203 257 1262 Me,
278 1220 370 1261 me,
387 1204 576 1264 (adsum
597 1204 678 1266 qui
696 1204 808 1262 feci>
826 1205 872 1249 in
899 1221 971 1250 me
990 1205 1251 1251 convertite
1272 1204 1464 1261 ferrum,

158 1269 204 1316 Ο
225 1270 410 1327 Rutuli,
433 1286 534 1316 mea
553 1268 682 1316 fraus
707 1271 858 1316 omnis
881 1289 893 1326 ;
927 1271 1039 1317 nihil
1066 1271 1170 1328 iste,
1195 1287 1283 1318 nec
1306 1287 1463 1326 ausus,

157 1335 264 1383 Nec
290 1337 445 1398 potuit
466 1353 477 1389 ;
516 1336 688 1382 coelum
716 1337 807 1382 hoc
825 1345 871 1383 et
894 1337 1089 1384 conscia
1108 1337 1265 1384 sidera
1284 1345 1464 1384 testor:

157 1401 372 1448 Tantum
399 1401 636 1448 infelicem
665 1402 857 1449 nimium
886 1402 1050 1449 dilexit
1077 1404 1298 1450 amicum.
1369 1408 1466 1451 430

158 1468 295 1514 Talia
317 1467 447 1515 dicta
472 1468 652 1516 dabat:
692 1469 775 1516 sed
804 1469 978 1515 viribus
1003 1470 1125 1516 ensis
1149 1470 1351 1517 adactus

159 1534 436 1582 Transabiit
461 1543 636 1593 costas,
662 1544 708 1582 et
733 1535 937 1582 candida
963 1544 1162 1598 pectora
1185 1537 1379 1596 rumpit.

160 1601 385 1648 Volvitur
410 1601 635 1663 Euryalus
659 1601 773 1659 leto,
797 1602 1122 1664 pulchrosque
1149 1618 1232 1664 per
1256 1611 1386 1649 artus

161 1668 205 1715 1t
220 1684 380 1725 cruor,
396 1667 538 1729 inque
560 1669 779 1714 humeros
799 1669 960 1714 cervix
981 1669 1189 1730 collapsa
1212 1668 1467 1716 recumbit.

161 1735 435 1797 Purpureus
461 1733 604 1780 veluti
631 1734 739 1780 esim
768 1733 851 1780 flos
877 1735 1092 1781 succisus
1117 1743 1272 1782 aratro

160 1801 450 1862 Languescit
476 1800 712 1853 moriens:
750 1801 939 1847 lassove
966 1817 1205 1863 papavera
1232 1802 1356 1848 collo

162 1867 406 1914 Demisere
433 1874 598 1928 caput,
624 1867 782 1928 pluvia
812 1867 918 1912 cum
947 1867 1070 1914 forte
1095 1876 1371 1930 gravantur.

162 1935 228 1980 At
251 1933 397 1981 Nisus
425 1936 519 1980 ruit
542 1934 587 1979 in
615 1933 814 1990 medios,
841 1934 1086 1995 solumque
1113 1950 1199 1995 per
1225 1950 1386 1980 omnes

162 2000 467 2047 Volscentem
496 2000 636 2062 petit,
673 2000 717 2045 in
744 1999 848 2046 solo
874 2000 1133 2046 Volscente
1161 2010 1403 2047 moratur:

163 2066 320 2121 Quem
369 2064 544 2114 circum
593 2065 840 2129 glomerati
885 2066 1047 2113 hostes
1095 2067 1204 2113 hinc
1253 2066 1469 2114 cominus

295 2142 440 2197 atque
468 2134 578 2180 binc.
1372 2139 1471 2180 440

164 2202 474 2249 Proturbant.
542 2200 690 2247 Instat
717 2216 810 2245 non
837 2202 1014 2253 secius,
1072 2216 1125 2246 ac
1160 2207 1288 2246 rotat
1311 2215 1470 2246 ensem

167 2268 490 2322 Fulmineum;
530 2267 686 2313 donec
714 2266 877 2313 Rutuli
903 2267 1152 2314 clamantis
1178 2266 1223 2311 in
1247 2282 1326 2312 ore
1398 2264 1471 2327 [ti.

167 2333 392 2381 Condidit
405 2333 624 2390 adverso,
642 2341 686 2379 et
706 2333 908 2379 moriens
928 2333 1126 2378 animam
1148 2332 1345 2379 abstulit
1360 2331 1473 2377 lios—

166 2400 292 2447 Tum
321 2416 465 2463 super
487 2400 747 2446 exanimem
775 2415 874 2445 sese
901 2399 1104 2461 projecit
1128 2399 1335 2445 amicum

168 2465 448 2520 Confessus,
472 2465 757 2530 placidaque
783 2465 845 2511 ibi
883 2469 1070 2512 demum
1100 2474 1252 2512 morte
1278 2461 1472 2529 quievit.
