1546 2686
107 114 200 154 104
435 118 484 151 P.
522 117 773 153 VIRGILII
805 118 1070 154 MARole

101 243 285 301 Aspera
303 245 406 284 tum
429 238 592 300 positis
614 239 866 286 mitescent
890 239 1063 286 saecula
1087 239 1236 286 bellis.

101 308 230 352 Cana
253 305 407 362 Fides,
429 313 476 352 et
491 307 653 362 Vesta,
681 307 832 352 Remo
854 321 962 352 cum
990 305 1134 353 fratre
1156 305 1406 363 Quirinus,

99 374 215 420 Jura
235 371 444 420 dabunt:
466 372 578 419 dirae
603 372 726 419 ferro
743 380 790 418 et
815 373 1128 434 compagibus
1153 372 1293 420 arctis

101 438 396 485 Claudentur
415 439 533 486 Belli
557 447 708 501 portae
729 455 740 484 ε
779 440 929 485 furor
954 440 1130 502 impius
1150 440 1273 486 intus

101 506 240 553 Saeva
259 506 426 554 sedens
447 523 592 569 super
611 521 758 560 arma,
776 514 823 551 et
848 513 1042 552 centum
1066 507 1255 552 vinctus
1273 506 1405 552 aenis

98 571 218 620 Post
237 580 420 634 tergum
446 572 602 626 nodis,
620 571 790 620 fremet
810 571 1031 618 horridus
1049 589 1130 619 ore
1155 581 1370 619 cruento.

168 640 290 686 Haec
314 640 395 696 ait,
417 647 464 685 et
484 639 619 685 Maia
636 638 847 699 genitum
873 637 1085 685 demittit
1103 638 1165 684 ab
1191 639 1286 685 alto
1305 657 1317 693 ;

99 706 167 752 Ut
187 716 340 761 terrae,
370 713 517 768 utque
550 720 686 751 novae
714 710 910 766 pateant
946 705 1246 766 Carthaginis
1272 722 1405 752 arces

101 772 328 835 Hospitio
352 773 579 819 Teucris:
607 788 666 817 ne
691 771 778 818 fati
804 770 964 817 nescia
982 771 1111 818 Dido

99 839 296 885 Finibus
321 847 513 886 arceret.
582 839 730 885 Volat
745 838 823 884 ille
844 853 929 900 per
953 843 1061 884 a'era
1084 853 1308 900 magnum

98 906 320 968 Remigio
345 907 539 962 alarum,
561 922 617 952 ac
636 905 799 968 Libyae
825 905 948 951 citus
974 905 1124 952 astitit
1148 904 1256 951 oris.
1310 912 1403 953 301

99 974 161 1019 Et
178 972 282 1034 jam
299 972 441 1034 jussa
467 973 607 1025 facit3
634 981 915 1035 ponuntque
941 971 1117 1018 ferocia
1139 972 1274 1018 Poeni

100 1038 276 1098 Corda,
303 1039 489 1086 volente
515 1041 638 1086 Deo,
707 1037 760 1085 In
786 1037 949 1101 primis
974 1039 1134 1100 regina
1160 1038 1372 1100 quietum

98 1106 295 1169 Accipit
327 1107 374 1152 in
409 1107 624 1153 Teucros
659 1107 870 1152 animum
896 1113 1202 1168 mentemque
1241 1105 1407 1168 benig-

231 1190 357 1220 nam.

164 1241 231 1286 At
256 1240 364 1303 pius
390 1241 558 1287 AEneas
582 1255 667 1301 per
691 1247 881 1286 noctem
909 1238 1112 1299 plurima
1129 1241 1341 1298 volvens,

100 1306 167 1352 Ut
192 1307 401 1369 primum
426 1307 507 1353 lux
532 1307 655 1352 alma
675 1305 788 1352 data
808 1313 896 1360 est,
919 1306 1061 1360 exire,
1089 1307 1319 1371 locosque

99 1372 360 1434 Explorare
385 1390 564 1427 novos;
591 1389 709 1437 quas
735 1382 876 1420 vento
892 1373 1147 1420 accesserit
1163 1391 1285 1431 oraS,

102 1439 200 1493 Qui
231 1448 424 1487 teneant
448 1445 579 1502 (nam
620 1439 798 1488 inculta
834 1440 998 1498 videt),
1015 1439 1306 1498 hominesne,
1342 1442 1410 1490 fe-

236 1523 380 1564 raene,

102 1573 327 1627 Quaerere
354 1573 618 1631 coustituit,
645 1572 886 1635 sociisque
911 1581 1079 1620 exacta
1104 1572 1294 1622 referre.

101 1640 317 1686 Classem
351 1641 400 1687 in
425 1657 642 1688 convexo
667 1656 931 1697 nemorum,
959 1639 1049 1686 sub
1074 1656 1194 1701 rupe
1221 1642 1406 1699 cavata,

101 1706 370 1754 Arboribus
426 1706 637 1754 clausam
685 1706 868 1753 circum
915 1715 1061 1770 atque
1108 1707 1409 1755 horrentibus

233 1774 434 1830 umbris,
1311 1780 1404 1822 311

101 1841 319 1888 Occulit:
345 1842 450 1903 ipse
478 1857 576 1887 uno
600 1839 816 1903 graditur
840 1840 1096 1887 comitatus
1113 1840 1317 1898 Achate,

101 1909 223 1956 Bina
242 1924 384 1955 manu
408 1909 507 1954 lato
529 1907 744 1969 crispans
770 1907 956 1954 hastilia
981 1907 1122 1954 ferro.

103 1976 195 2023 Cui
213 1983 364 2022 mater
388 1974 546 2021 media
571 1991 672 2021 sese
688 1974 799 2021 tulit
822 1974 966 2021 obvia
990 1974 1124 2029 silva,

101 2043 306 2105 Virginis
332 2058 387 2088 os
414 2041 731 2103 habitumque
756 2058 938 2103 gerens,
965 2049 1014 2088 et
1031 2038 1217 2102 virginis
1236 2055 1369 2088 arma

102 2109 375 2169 Spartanae:
402 2109 474 2154 vel
491 2107 644 2171 qualis
669 2125 819 2170 equos
844 2110 1068 2155 Threl'ssa
1087 2106 1256 2168 fatigat

103 2176 395 2238 Harpalyce,
415 2176 757 2238 volucremque
773 2174 1197 2238 fugapraevertitur
1212 2174 1405 2222 Eurum.

102 2239 327 2304 Namque
369 2242 572 2289 humeris
613 2241 672 2288 de
698 2258 829 2289 more
861 2241 1069 2288 habilem
1095 2240 1409 2303 suspenderat

235 2324 399 2355 arcum

102 2376 350 2432 Venafflx,
377 2374 672 2437 dederatque
705 2391 888 2422 comam
922 2373 1189 2421 diffundere
1214 2374 1369 2421 ventis
1391 2393 1405 2429 ;

102 2442 251 2489 Nuda
274 2459 414 2505 genu,
435 2441 660 2504 nodoque
685 2441 812 2489 sinus
836 2441 1038 2488 collecta
1057 2441 1277 2488 fluente&
1311 2448 1407 2490 320

105 2512 174 2555 Ac
213 2509 358 2570 prior,
386 2510 535 2565 Heus,
570 2508 739 2571 inquit,
753 2508 974 2569 juveneS,
1000 2516 1259 2555 monstrate
1285 2523 1409 2554 mea-

105 2575 298 2622 Vidistis
314 2576 350 2622 si
374 2590 508 2635 quam
529 2575 600 2622 hic
625 2583 858 2623 errantem
879 2574 1000 2623 forte
1020 2591 1245 2631 sororum,
1283 2574 1405 2637 [rum
