1607 2700
481 91 744 128 AENEtDos
785 92 896 126 Lm.
934 79 1057 126 v11.'‘
1346 83 1438 124 255

131 215 345 260 Vulcano
370 212 578 276 genitum
604 226 780 272 pecora
805 211 925 257 inter
944 210 1148 273 agrestia
1174 227 1350 274 regem,

129 281 478 341 Inventumque
494 276 631 331 focis,
654 276 803 322 omnis
819 294 960 338 quem
975 277 1176 324 credidit
1191 287 1325 334 aetas,
1344 275 1440 327 680

132 345 368 392 Caeculus.
440 345 584 391 Hunc
610 343 730 404 legio
752 343 844 390 late
872 343 1128 389 comitatur
1152 344 1378 405 agrestis:

133 411 324 474 Quique
344 412 492 459 altum
518 411 754 456 Praeneste
777 409 877 466 viri,
899 410 1075 471 quique
1101 425 1210 454 arva
1237 411 1441 456 Gabinae

128 479 346 535 Junonis,
370 478 674 538 gelidumque
694 477 938 531 Anienem,
965 483 1012 521 et
1038 476 1223 522 roscida
1249 477 1356 522 rivis

129 543 336 591 Hernica
353 560 463 590 saxa
480 544 644 589 colunt
666 560 676 597 ;
696 559 835 605 quos,
856 541 984 587 dives
1000 542 1227 603 Anagnia,
1250 544 1408 603 pascis
1427 562 1439 599 ς

130 611 284 665 Quos,
312 613 549 657 Amasene
570 618 721 673 pater.
795 610 902 655 Non
929 608 1018 654 illis
1044 608 1267 654 omnibus
1294 626 1439 665 arma,

128 676 233 724 Nec
253 678 413 739 clypei
431 693 658 723 currusve
676 684 874 723 sonant:
899 691 1008 737 pars
1027 676 1230 739 maxima
1247 676 1442 735 glandes

127 743 341 790 Liventis
367 744 550 806 plumbi
578 743 775 805 spargit,
796 759 908 804 pars
933 742 1117 804 spicula
1143 752 1300 803 gestat

128 809 250 856 Bina
273 826 433 866 manu,
461 809 712 871 fulvosque
734 809 833 870 lupi
853 809 910 854 de
935 809 1062 870 pelle
1086 810 1275 870 galeros

125 875 340 938 Tegmen
366 877 511 923 habet
535 877 681 938 capiti
704 892 715 921 ι
753 876 952 927 vestigia
975 876 1103 921 nuda
1129 874 1310 921 sinistri

129 941 382 990 Instituere
401 942 555 1005 pedis,
582 942 757 988 crudus
785 943 900 1003 tegit
923 944 1068 988 altera
1094 956 1227 1003 pere.
1345 941 1444 998 690

194 1011 262 1055 At
287 1010 545 1071 Messapus
561 1010 740 1070 equum
760 1009 984 1064 domitor,
1002 1007 1247 1067 Neptunia
1265 1010 1441 1070 proles,

128 1074 282 1128 Quem
310 1092 466 1137 neque
490 1074 560 1120 fas
582 1075 676 1136 igni
701 1076 923 1136 cuiquam
951 1091 1039 1121 nec
1066 1085 1274 1121 sternere
1299 1074 1440 1131 ferro,

129 1140 420 1203 Iampridem
446 1141 619 1188 resides
644 1143 850 1204 populos
875 1142 1169 1203 desuetaque
1187 1142 1310 1188 bello

129 1208 389 1269 Agminain
403 1225 531 1256 arma
544 1217 688 1255 vocat
705 1209 886 1265 subito,
907 1209 1180 1268 ferrumque
1194 1216 1439 1254 retractat.

130 1274 192 1319 Hi
216 1275 529 1321 Fescenninas·
551 1275 691 1332 acies,
718 1291 981 1337 aequosque
1009 1274 1235 1330 Faliscos,

132 1340 192 1388 Hi
219 1340 430 1389 Soractis
455 1341 633 1388 habent
656 1357 803 1396 arceS,
833 1341 1137 1403 Flaviniaque
1157 1358 1287 1397 arva,

131 1407 192 1453 Et
216 1407 389 1453 Cimini
412 1425 520 1454 cum
544 1416 701 1453 monte
728 1410 904 1464 lacum,
928 1407 1158 1469 lucosque
1182 1409 1419 1471 Capenos.

130 1473 276 1520 Ibant
300 1475 475 1535 aequati
501 1490 713 1528 numero,
741 1491 998 1536 regemque
1024 1475 1274 1522 canebant.

132 1540 233 1585 Ceu
262 1540 505 1602 quondam
533 1541 656 1588 nivei
681 1541 861 1601 liquida
887 1540 1008 1586 inter
1034 1542 1192 1586 nubila
1220 1542 1359 1604 cycni

131 1606 251 1653 Cum
270 1623 373 1653 sese
396 1623 421 1653 e
443 1617 582 1669 pastu
610 1607 837 1662 referunt,
865 1617 909 1653 et
935 1607 1079 1669 longa
1104 1623 1308 1654 canoros
1346 1617 1442 1663 700

130 1672 260 1718 Dant
283 1689 368 1735 per
391 1674 515 1721 colla
539 1674 709 1720 modos
727 1691 739 1729 ;
759 1683 895 1720 sonat
915 1675 1065 1719 amnis
1092 1683 1139 1720 et
1166 1674 1281 1722 Asia
1301 1675 1441 1739 longe

128 1739 269 1784 Pulsa
291 1740 441 1800 palus.

128 1805 233 1852 Nec
259 1807 511 1869 quisquam
539 1816 709 1854 aeratas
734 1806 861 1852 acies
886 1824 943 1853 ex
969 1808 1154 1869 agmine
1180 1816 1310 1855 tanto

129 1873 321 1919 Misceri
339 1881 494 1936 putet,
521 1874 692 1920 aeriam
716 1873 797 1920 sed
817 1874 1003 1935 gurgite
1024 1875 1085 1919 ab
1110 1875 1208 1922 alto

129 1939 300 2001 Urgeri
326 1940 572 1986 volucrum
599 1956 848 1986 raucarum
870 1941 930 1985 ad
956 1940 1119 1987 littora
1142 1942 1340 1988 nubem,

198 2006 341 2061 Ecce,
366 2007 649 2053 Sabinorum
677 2005 838 2068 prisco
862 2006 922 2052 de
949 2008 1195 2069 sanguine,
1216 2025 1439 2070 magnum

130 2072 320 2134 Agmen
346 2089 489 2136 agens
516 2075 732 2129 Ciausus,
755 2074 1009 2135 magnique
1031 2075 1134 2136 ipse
1160 2075 1358 2137 agminis
1376 2076 1442 2122 in-

260 2147 373 2195 star,

132 2205 331 2252 Claudia
356 2222 480 2253 nunc.
506 2223 533 2252 a
559 2223 655 2269 quo
681 2205 967 2252 diffunditur
986 2213 1034 2253 et
1059 2206 1208 2253 tribus
1233 2218 1281 2255 et
1304 2226 1419 2272 gens

131 2271 219 2317 Per
249 2273 448 2331 Latium,
473 2282 730 2335 postquam
754 2272 796 2318 in
823 2282 1005 2335 partem
1029 2273 1142 2320 data
1168 2275 1320 2322 Roma
1361 2277 1442 2323 Sa-

265 2338 401 2386 binis.

134 2403 243 2450 Una
270 2404 433 2464 ingens
452 2406 693 2454 Amiterna
714 2406 905 2463 cohors,
928 2407 1167 2470 priscique
1195 2408 1406 2458 Quirites
1427 2429 1438 2463 ;

135 2471 262 2517 Ereti
290 2487 454 2518 manus
480 2474 649 2529 omnis,
677 2473 1006 2536 oliviferaeque
1035 2477 1305 2533 Muttiscae3
1348 2484 1435 2529 711
