1586 2704
88 64 182 107 308
399 80 445 113 p.
490 79 740 114 varmt
787 82 1052 118 MAnoms

83 194 223 241 Infit:
260 211 316 240 eo
343 194 547 253 dicente,
574 196 729 243 Defim
752 197 919 244 domus
937 199 1029 244 alta
1056 199 1246 256 silescit,
1289 208 1369 249 101

81 261 142 306 Et
165 260 446 307 tremefacta
471 262 572 309 solo
598 263 758 321 telluS,
784 265 888 309 silet
913 265 1085 310 arduus
1111 266 1289 321 aether;

81 327 205 372 Tum
248 325 462 390 Zephyri
503 344 721 390 posuere,
759 330 930 391 premit
970 330 1160 392 placida
1185 348 1375 394 aequora

28 437 32 450 ἱ
209 403 396 454 pontus.

29 480 53 505 ·.
80 459 297 519 Accipite
322 460 432 522 ergo
456 461 638 519 animis,
663 470 807 520 atque
830 461 932 507 haec
955 479 1057 509 ntea
1077 463 1212 526 figite·
1229 464 1395 522 dicta„

81 524 484 588 Quandoquidem
502 527 736 572 Ausonios
748 527 974 589 conjungi
990 529 1378 578 foedereTeucris

81 591 225 637 Haud
244 592 427 638 licitum
439 602 530 649 est,
550 609 635 638 nec
649 602 806 639 vestra
819 595 1198 653 capitdiscordia
1214 595 1375 645 finem:

81 657 203 712 Quae
228 659 401 720 cuique
426 667 496 704 est
521 658 713 705 fortuna
739 659 896 716 hodic,
923 676 1062 722 quam
1083 662 1280 725 quisque
1307 681 1383 711 se·

211 734 289 770 cat
314 741 466 786 spem,

78 791 204 837 Tros
231 791 489 837 Rutulusve
514 791 630 846 fuat,
655 791 783 837 nullo
810 791 1080 839 discrimine
1106 793 1322 843 habebo:

82 858 175 903 Seu
201 855 308 902 fatis
334 856 504 903 Italum
532 866 686 904 castra
710 857 958 903 obsidione
983 868 1218 916 tenentur,

82 922 193 969 Sive
217 939 372 970 errore
399 924 521 970 malo
545 925 726 984 Troiae,
749 925 1030 986 monitisque
1054 926 1266 972 sinistris.
1288 933 1380 974 110

81 988 186 1035 Nec
212 989 412 1036 Rutulos
439 991 587 1036 solvo.
650 993 749 1037 Sua
775 992 948 1052 cuique
976 1007 1143 1038 exorsa
1167 993 1377 1039 laborem

82 1055 433 1118 Fortunamque
458 1057 625 1103 ferent.
677 1057 778 1103 Rex
793 1057 982 1118 Jupiter
996 1059 1216 1105 omnibus
1233 1058 1379 1105 idem.

82 1121 198 1167 Fata
223 1121 342 1167 viam
370 1123 627 1170 invenient.
698 1124 852 1184 Stygii
878 1139 962 1185 per
986 1122 1180 1170 flumina
1206 1125 1378 1183 fratris,

80 1186 173 1233 Per
195 1187 303 1249 pice
328 1197 560 1235 torrentes
585 1189 784 1250 atraque
809 1189 1026 1250 voragine
1052 1190 1197 1252 ripas,

80 1255 279 1311 Annuit,
304 1263 352 1300 et
376 1263 494 1301 nutu
519 1263 669 1301 totum
697 1255 965 1302 tremefecit
987 1255 1264 1318 Olympum.

79 1318 174 1364 Hic
199 1320 304 1366 finis
332 1320 484 1367 fandi:
523 1322 639 1367 solio
665 1330 761 1367 turn
785 1323 974 1384 Jupiter
996 1337 1139 1368 aureo

79 1386 263 1448 Surgit;
292 1388 519 1434 coelicolae
543 1389 749 1434 medium
767 1405 906 1449 quem
928 1390 985 1434 ad
1003 1387 1161 1434 limina
1180 1389 1377 1436 ducunt.

148 1454 333 1499 Interea
353 1453 517 1500 Rutuli
544 1454 692 1515 portis
720 1453 897 1501 circum
926 1454 1145 1500 omnibus
1171 1455 1349 1503 instant

78 1519 296 1565 Sternere
321 1520 453 1566 caede
479 1522 618 1577 viros,
645 1529 690 1566 et
717 1520 887 1567 moenia
913 1521 1102 1581 cingere
1127 1520 1345 1568 fiammis.

77 1587 172 1631 Ast
193 1585 314 1647 legio
337 1587 599 1633 AEneadt'im
624 1587 759 1632 vallis
784 1586 977 1632 obsessa
1003 1595 1204 1643 tenetur,
1290 1595 1382 1636 120

77 1651 183 1697 Nec
203 1668 309 1713 spes
331 1652 424 1698 ulla
450 1652 593 1714 fugae.
663 1652 825 1699 Miseri
852 1660 980 1698 stant
1007 1653 1214 1697 turribus
1239 1653 1346 1698 altis

77 1716 428 1779 Nequicquam‚
454 1727 499 1764 et
527 1718 628 1764 rara
654 1735 810 1764 muros
837 1719 1025 1764 cinxere
1053 1720 1247 1764 corona.

78 1783 220 1830 Asius
245 1785 550 1840 Imbrasides,
575 1784 979 1844 Hicetaoniusque
1003 1784 1303 1846 TliymoeteS‚

79 1851 393 1912 Assaracique
417 1852 579 1908 duo,et
598 1850 754 1897 senior
770 1867 876 1896 cum
891 1851 1084 1896 Castore
1105 1851 1378 1912 Tliynibris,

79 1916 233 1962 Prima
257 1918 412 1964 acies:
439 1918 524 1963 hos
550 1917 754 1979 germani
780 1915 1068 1976 Sarpedonis
1092 1917 1251 1972 ambo,

80 1982 142 2027 Et
167 1983 332 2029 Clarus
348 1993 393 2030 et
417 1983 655 2039 Tliemon‚
679 1983 823 2045 Lycia
847 1985 1139 2029 comitantur
1162 1983 1222 2028 ab
1246 1981 1360 2029 alta.

83 2049 194 2094 Fert
218 2050 380 2112 ingens
407 2057 510 2097 toto
535 2049 759 2096 connixus
787 2065 987 2110 corpore
1013 2065 1197 2103 saxum,

81 2114 221 2160 Haud
244 2125 425 2177 partem
444 2117 659 2177 exiguam
678 2117 870 2171 montis,
889 2115 1162 2176 Lyrnessius
1179 2117 1382 2172 Acmon,

84 2181 186 2226 Nec
200 2182 358 2242 Clytio
375 2183 585 2243 genitore
603 2184 771 2237 minor,
788 2198 873 2228 nec
892 2181 1035 2227 fratre
1053 2181 1348 2226 Menestheo.

85 2248 146 2293 Hi
164 2247 360 2307 jaculis,
387 2249 452 2293 illi
476 2257 658 2295 certant
683 2246 941 2294 defendere
965 2247 1102 2301 saxiS,
1293 2253 1385 2296 130

83 2313 342 2375 Molirique
367 2313 541 2375 ignem,
568 2331 807 2375 nervoque
835 2323 997 2374 aptare
1022 2312 1232 2374 sagittas.

83 2382 191 2438 Ipse
221 2381 342 2427 inter
367 2379 563 2438 medios,
589 2381 784 2426 Veneris
805 2379 1073 2438 justissima
1095 2395 1229 2435 cura,

86 2448 356 2494 Dardanius
382 2458 523 2508 caput
550 2465 662 2494 ecce
683 2463 802 2509 puer
828 2448 1043 2491 detectus
1069 2446 1317 2492 honestum
