1614 2678
146 43 227 84 110
496 50 548 84 Ρ.
586 50 836 86 VIRGILII
878 51 1145 86 MAROle

128 168 345 224 Incessit,
382 170 554 233 magn-a
568 169 802 232 juvenum
824 171 1030 234 stipante
1055 169 1259 219 caterva.

127 235 292 290 Qualis
311 235 359 281 in
387 236 579 284 Eurotae
602 237 731 300 ripis,
767 245 851 284 aut
873 254 957 297 per
974 239 1095 300 juga
1120 235 1296 301 Cynthi

130 303 335 349 Exercet
359 303 514 351 Diana
538 304 729 359 choros,
769 320 912 367 quam
937 305 1061 351 mille
1087 314 1262 352 secutae

129 368 255 415 Hinc
279 377 424 432 atque
440 369 552 417 hinc
589 371 911 431 glomerantur
935 371 1151 417 Oreades
1172 388 1184 426 ;
1225 372 1304 417 illa
1341 370 1461 435 pha-

195 444 368 482 retram
1366 445 1462 486 500

122 501 236 549 Fert
261 502 475 559 humero,
515 501 833 564 gradiensque
860 503 987 549 Deas
1013 503 1331 565 supereminet
1365 521 1463 550 om-

122 568 322 615 Latonae
343 569 540 615 tacitum
568 576 845 630 pertentant
866 568 1038 629 gaudia
1062 579 1248 631 pectus.
1320 571 1423 634 [nes
1447 587 1461 624 ;

121 635 255 681 Talis
271 644 372 682 erat
401 635 546 692 Dido,
586 635 728 681 talem
755 651 802 681 se
826 636 938 681 laeta
963 635 1146 682 ferebat

120 701 215 748 Per
243 701 437 758 medios,
477 703 657 748 instans
684 701 816 764 operi
840 701 1092 763 regnisque
1116 702 1306 749 futuris.

109 768 246 814 Tum
273 767 457 816 foribus
484 770 637 824 Divae,
677 768 834 815 media
859 769 1094 815 testudine
1118 771 1297 830 templi,

122 835 275 897 Septa
299 836 440 882 armis
467 836 683 897 solioque
704 836 800 882 alte
827 836 1044 892 subnixa,
1084 836 1273 883 resedit.

121 901 239 948 Jura
262 901 414 949 dabat
445 903 670 964 legesque
696 904 821 958 viris,
864 919 1160 965 operumque
1190 904 1408 949 laborem

124 967 350 1015 Partibus
375 969 783 1031 aequabatjustis,
823 978 908 1015 aut
932 978 1057 1015 sorte
1085 970 1304 1016 trahebat
1325 987 1335 1015 :

118 1035 247 1084 Cum
271 1035 431 1083 subito
457 1038 625 1083 AEneas
648 1052 887 1082 concursu
912 1035 1144 1082 accedere
1174 1053 1345 1097 magno

123 1105 317 1147 Anthea
361 1104 734 1163 Sergestumque
770 1100 921 1155 videt,
974 1102 1238 1165 fortemque
1287 1104 1461 1149 Clo-‹in-

200 1168 353 1224 thum,
1366 1174 1461 1214 510

121 1233 524 1298 Teucrorumque
564 1233 681 1280 alios
704 1247 716 1278 t
754 1241 855 1279 ater
881 1248 1002 1294 quos
1031 1248 1225 1294 aequore
1251 1232 1394 1278 turbo

124 1301 416 1363 Dispulerat‚
455 1301 745 1364 penitusque
770 1299 882 1346 alias
908 1307 1128 1344 avexerat
1152 1315 1274 1344 oras.

125 1368 395 1429 Obstupuit
420 1368 559 1414 simul
579 1369 698 1430 ipse,
728 1367 867 1413 simul
883 1366 1136 1428 perculsus
1159 1367 1371 1411 Achates

122 1434 409 1496 Laetitiaque
435 1443 679 1496 metuque.
753 1432 898 1480 Avidi
938 1432 1231 1494 conjungere
1270 1433 1459 1478 dextras

127 1501 404 1556 Ardebaut;
445 1501 525 1547 sed
552 1517 625 1547 res
645 1500 829 1546 animos
849 1499 1091 1559 incognita
1113 1501 1292 1545 turbat.

122 1568 455 1623 Dissimularit‚
493 1575 541 1614 et
566 1568 695 1614 nube
720 1567 840 1612 cava
866 1566 1169 1626 speculantur
1189 1565 1370 1621 amicti,

125 1635 247 1690 Quae
272 1634 461 1680 fortuna
482 1635 608 1691 viris,
647 1635 844 1680 classem
863 1647 960 1694 quo
978 1632 1134 1677 littore
1153 1632 1392 1693 linquunt,

123 1701 257 1756 Quid
279 1703 499 1748 veniant:
537 1701 724 1748 cunctis
750 1716 856 1746 nani
874 1699 985 1745 lecti
1011 1698 1212 1744 navibus
1240 1700 1372 1744 ibant

122 1770 326 1815 Orantes
348 1769 550 1825 veniam,
588 1778 634 1815 et
656 1769 884 1828 templum
906 1765 1114 1812 clamore
1143 1766 1392 1827 petebant.

192 1841 451 1897 Postquam
511 1833 806 1897 introgressi,
861 1841 907 1879 et
950 1847 1113 1878 coram
1168 1832 1281 1878 data
1319 1832 1459 1894 copia

256 1901 407 1958 fandi,
1365 1906 1459 1946 520

122 1969 364 2015 Maximus
382 1969 589 2015 Ilioneus
615 1966 810 2031 placido
835 1965 899 2012 sic
923 1971 1117 2028 pectore
1139 1966 1281 2026 coepit
1301 1982 1313 2012 ε

123 2038 168 2082 0
195 2036 369 2095 regina,
409 2051 576 2082 novam
596 2036 673 2081 cui
699 2033 906 2082 condere
930 2033 1118 2093 Jupiter
1144 2034 1326 2086 urbem,

121 2073 413 2165 Justitiaqiie
437 2102 573 2148 dedit
591 2111 754 2164 gentes
780 2101 979 2147 fraenare
1009 2100 1258 2173 superbas,

121 2169 275 2215 Troes
302 2178 347 2216 te
371 2169 539 2224 miseri,
580 2168 729 2214 ventis
754 2169 903 2214 maria
939 2166 1096 2213 omnia
1132 2168 1274 2221 vecti,

123 2236 364 2282 Oramus.
403 2235 607 2297 prohibe
632 2234 849 2281 ins-andos
876 2251 904 2280 a
923 2233 1157 2281 navibus
1147 2248 1293 2293 ignes,

121 2303 272 2349 Parce
296 2302 378 2364 pio
403 2302 576 2363 generi,
614 2311 663 2348 et
683 2303 879 2364 propiuS
916 2317 985 2347 res
1009 2301 1170 2361 aspice
1192 2312 1392 2346 nostras.

123 2369 235 2416 Non
260 2385 344 2415 nos
372 2378 455 2415 aut
481 2368 603 2415 ferro
630 2369 837 2430 Libycos
863 2368 1092 2430 populare
1119 2367 1317 2413 Penates

123 2441 368 2496 Venimus,
389 2446 472 2485 ant
490 2444 646 2498 raptas
671 2435 731 2482 ad
758 2436 915 2481 littora
940 2444 1120 2480 vertere
1143 2434 1350 2495 praedas.

122 2507 233 2553 Non
256 2523 311 2553 ea
336 2508 408 2553 vis
433 2507 608 2562 anim0,
635 2521 722 2551 nec
740 2513 872 2550 tanta
897 2502 1119 2565 superbia
1138 2503 1293 2548 victis.

123 2578 210 2622 Est
238 2576 386 2626 iocus.
426 2574 703 2636 Hesperiam
729 2567 862 2618 Graii
891 2571 1172 2647 cogi-romine
1201 2570 1395 2621 dicunt:
