1586 2704
516 78 776 112 AENfflnos
817 78 925 110 ωε.
966 78 1043 110 Χῐ.
1327 72 1419 119 537

133 193 379 243 sanximus
406 192 612 254 hospitio
637 191 851 238 dextras:
891 208 991 237 sors
1018 192 1106 237 ista
1133 201 1334 239 senectae

135 260 311 307 Debita
335 266 435 306 erat
458 267 645 304 nostrae.
706 256 849 310 Quod
871 258 904 302 si
930 259 1175 304 immatura
1204 259 1424 305 manebat

133 327 271 373 Mors
298 333 457 371 natum
481 340 493 378 ;
529 325 668 370 caesis
694 324 973 369 Volscorum
1002 324 1205 370 millibus
1230 328 1357 382 ante,

135 393 401 438 Ducentem
429 390 473 435 in
501 391 685 435 Latium
704 389 922 435 Teucros
943 389 1174 435 cecidisse
1193 392 1402 451 juvabit.

134 458 260 511 Quin
280 472 365 518 ego
392 472 483 502 non
510 456 600 501 alio
627 456 791 517 digner
818 466 862 502 te
888 455 1069 509 funere,
1093 457 1238 512 Palla,
1333 457 1424 514 169

135 522 290 576 Quam
310 524 413 584 pius
435 524 623 577 AEneas,
650 531 696 569 et
730 519 868 584 quam
913 522 1069 583 magui
1108 523 1338 586 Phryges,
1377 533 1425 571 et

264 587 408 650 quam

134 655 465 717 Tyrrhenique
492 655 656 711 (luces,
681 654 980 717 Tyrrhenum
1008 656 1242 702 exercitus
1261 657 1423 702 omnis.

137 722 310 780 Magna
335 730 515 785 tropaea
542 722 707 776 ferunt,
737 738 857 782 quos
882 723 963 766 ‹lat
988 729 1069 767 tua
1095 721 1289 768 dextera
1315 722 1423 769 leto.

133 787 210 832 Tu
237 803 427 849 quoque
455 804 577 834 nunc
603 797 753 833 stares
774 788 984 832 immanis
1003 796 1196 834 truncus
1216 788 1426 844 inarmis,

137 854 273 899 Esset
298 870 384 916 par
409 863 540 910 zetas,
565 862 611 899 et
637 853 760 899 idem
790 853 825 898 si
850 854 994 898 robur
1017 854 1076 899 ab
1102 856 1249 911 aunis,

134 920 314 966 Turne.
352 921 445 967 Sed
474 920 630 966 infelix
648 920 867 965 Teucros
889 919 1001 980 quid
1023 919 1245 966 demoror
1261 921 1428 967 armis?

136 986 324 1041 Vadite,
350 995 396 1032 et
422 988 522 1032 liaec
546 1002 774 1032 memores
799 985 895 1047 regi
923 986 1144 1032 mandata
1169 986 1336 1032 referte
1359 1004 1371 1034 :

139 1051 281 1106 Quod
309 1052 448 1098 vitam
477 1068 634 1098 moror
656 1051 870 1107 invisam,
897 1052 1106 1097 Pallante
1130 1061 1360 1115 peremto,

142 1119 344 1164 Dextera
362 1134 504 1164 causa
524 1126 604 1164 tua
625 1126 713 1175 est,
728 1117 940 1163 Turnum
953 1126 1189 1180 gnatoque
1211 1121 1427 1181 patrique

138 1184 290 1236 Quam
318 1184 489 1230 debere
514 1184 661 1231 vides,
736 1185 917 1230 Meritis
936 1194 1063 1230 vacat
1095 1185 1168 1230 hic
1193 1185 1278 1231 tibi
1303 1187 1427 1231 solus

140 1251 459 1313 Fortunaeque
483 1250 632 1297 locuS.
670 1250 779 1296 Non
801 1250 907 1295 vitae
928 1251 1102 1311 gaudia
1129 1267 1305 1312 quaere,
1341 1259 1429 1299 180

138 1316 242 1363 Nec
269 1317 368 1371 fas;
407 1318 486 1363 sed
513 1326 626 1363 nato
656 1318 819 1362 Manes
840 1316 1045 1378 perferre
1069 1317 1156 1362 sub
1183 1318 1316 1364 imos.

205 1385 387 1429 Aurora
408 1384 587 1430 interea
612 1383 789 1429 miseris
811 1383 1088 1428 mortalibus
1113 1383 1278 1429 almam

142 1448 388 1495 Extulerat
412 1449 582 1504 lucem,
608 1449 812 1495 referens
838 1464 981 1510 opera
1006 1458 1151 1511 atque
1178 1450 1379 1497 labores.

139 1517 245 1561 Jain
275 1523 408 1576 pater
433 1516 618 1570 AEneas,
636 1515 738 1575 jam
768 1532 913 1561 curvo
938 1517 982 1561 in
1008 1515 1162 1562 littore
1189 1518 1381 1563 Tarcho

142 1581 438 1627 Constituere
463 1597 630 1644 pyras;
670 1581 762 1628 huc
790 1598 990 1643 corpora
1016 1582 1218 1644 quisque
1239 1599 1431 1630 suorum

142 1644 278 1692 More
303 1648 447 1694 tulere
475 1656 659 1708 patrum
680 1664 691 1702 ;
730 1647 1058 1710 subjectisque
1081 1648 1267 1710 ignibus
1292 1650 1401 1696 atris

141 1711 375 1760 conditur
398 1714 443 1759 in
470 1714 690 1761 tenebras
709 1715 854 1760 altum
883 1714 1085 1776 caligine
1111 1715 1299 1763 coelum.

141 1779 239 1824 Ter
263 1779 439 1826 circum
462 1795 706 1837 accensos,
732 1780 877 1826 cincti
899 1781 1191 1841 fulgentibus
1212 1782 1369 1838 armis,

143 1846 406 1892 Decurrere
432 1861 598 1908 rogos;
637 1854 711 1893 ter
736 1855 951 1892 moestum
979 1846 1152 1893 funeris
1177 1848 1334 1910 ignem

142 1911 418 1958 Lustravere
440 1912 484 1958 in
511 1914 658 1972 equis,
686 1912 985 1973 ululatusque
1012 1929 1089 1959 ore
1117 1914 1312 1962 dedere.
1344 1921 1432 1970 190

143 1977 393 2039 Spargitur
416 1987 461 2025 et
490 1978 627 2025 tellus
654 1978 889 2040 lacrymiS‚
908 1989 1194 2040 sparguntur
1212 1990 1261 2027 et
1286 1997 1433 2027 arma.

144 2044 183 2088 lt
209 2045 332 2090 coelo
355 2046 624 2106 clamorque
648 2044 819 2101 virum,
846 2047 1136 2108 clangorque
1164 2048 1402 2093 tubarum.

129 2111 267 2157 Hinc
293 2111 369 2158 alii
395 2112 546 2173 spolia
572 2112 744 2158 occisis
770 2111 963 2173 derepta
992 2113 1168 2158 Latinis

144 2178 422 2238 Conjiciunt
448 2178 559 2240 igni,
587 2179 758 2238 galeaS‚
785 2194 1016 2240 ensesque
1041 2179 1261 2236 decoros,

147 2244 419 2306 Fraenaque,
438 2245 766 2306 ferventesque
784 2253 939 2291 rotas:
962 2261 1083 2306 pars,
1097 2262 1285 2292 munera
1306 2252 1435 2301 nota,

146 2309 360 2368 ipsorum
387 2312 593 2375 clypeos,
617 2319 666 2358 et
691 2328 778 2358 non
808 2311 963 2358 felicia
991 2312 1096 2358 tela.

144 2375 299 2421 Multa
324 2378 465 2424 boum
493 2377 622 2424 circa
647 2386 915 2424 mactantur
939 2394 1140 2442 corpora
1168 2379 1344 2433 Morti:

145 2443 478 2506 Setigerosque
503 2461 625 2501 sueS,
648 2452 898 2507 raptasque
925 2462 978 2491 ex
1007 2447 1225 2492 omnibus
1251 2447 1372 2506 agris

732 2510 772 2556 K
812 2517 839 2557 Q
