1607 2700
538 99 802 133 AENEiDos
843 99 954 133 ΜΒ.
987 100 1072 133 111.
1382 94 1472 144 159

140 221 285 267 Haud
315 220 502 280 impune
530 217 754 278 quidem;
808 233 894 262 nec
923 219 1035 264 talia
1084 236 1249 280 passus
1286 220 1467 277 Ulixes,

140 280 395 333 Oblitusve
419 284 489 330 sui
508 292 580 330 est
606 282 804 329 Ithacus
830 283 1104 330 discrimine
1131 295 1280 332 tanto.

137 353 259 399 Nam
281 351 414 396 simul
429 350 646 411 expletus
666 349 890 411 dapibus,
906 350 1110 410 vinoque
1131 354 1356 414 sepultus,
1371 352 1469 401 630

136 419 381 465 Cervicem
422 416 642 462 inflexam
681 417 862 478 posuit,
893 415 1151 477 jacuitque
1173 435 1254 478 per
1279 431 1466 466 antrum

136 485 413 539 immensus,
441 485 619 531 saniem
646 492 889 538 eructans,
916 499 971 529 ac
997 483 1147 529 frusta
1175 495 1367 531 cruento

133 551 226 597 Per
250 566 469 597 somnum
496 549 755 596 commixta
780 566 909 595 mero
933 567 944 603 ;
973 566 1075 606 nos,
1095 567 1264 612 magna
1285 553 1468 613 precati

131 617 355 672 Numina,
383 617 638 678 sortitique
665 617 809 672 vices,
839 615 932 662 una
960 617 1172 679 undique
1198 616 1380 664 circum

131 683 411 739 Fundimur,
439 692 486 730 et
510 685 605 730 telo
630 683 788 729 lumen
811 684 1107 729 terebramus
1128 692 1268 730 acuto

127 749 317 811 Ingens,
346 750 478 812 quod
502 751 637 796 torva
664 750 819 795 solum
845 751 932 796 sub
958 749 1110 795 fronte
1138 751 1332 807 latebat,

126 816 342 876 Argolici
367 818 522 879 clypei
543 825 625 863 aut
649 816 874 862 Phoebeae
901 816 1138 879 lampadis
1165 817 1340 872 instar;

125 883 191 928 Et
215 882 409 929 tandem
436 884 534 931 laeti
560 883 798 930 sociorum
821 882 1095 929 ulciscimur
1117 885 1331 931 umbras.

127 949 220 995 Sed
243 949 409 1011 sugite,
436 952 466 997 ὀ
491 950 664 1006 miseri,
692 949 859 1011 fugite,
886 959 1031 1010 atque
1049 950 1111 996 ab
1130 950 1289 998 littore
1301 950 1462 998 funem

126 1016 375 1079 Rumpite.
1366 1018 1464 1065 640

124 1080 253 1129 Nam
280 1082 434 1146 qualis
460 1090 762 1145 quantusque
778 1098 896 1129 cavo
913 1083 1240 1145 Polyphemus
1261 1083 1306 1129 in
1325 1094 1462 1130 antro

125 1148 382 1212 Lanigeras
408 1149 591 1196 claudit
614 1149 840 1212 pecudes,
878 1158 1024 1212 atque
1064 1150 1213 1196 ubera
1247 1161 1459 1211 pressat;

124 1215 333 1263 Centum
359 1215 439 1263 alii
465 1232 613 1262 curva
653 1217 756 1263 haec
786 1215 1007 1262 habitant
1043 1216 1104 1262 ad
1130 1217 1293 1263 littora
1320 1218 1461 1281 vulgo

124 1282 317 1329 Infandi
342 1283 601 1346 CyclopeS,
628 1292 676 1330 et
700 1283 810 1328 altis
837 1282 1078 1329 montibus
1103 1291 1276 1329 errant.

124 1349 403 1411 Tertiajam
425 1350 549 1396 lunae
576 1366 625 1396 se
651 1365 832 1396 cornua
858 1349 1035 1395 lumine
1062 1350 1326 1410 complent,

125 1416 251 1462 Cum
278 1417 423 1463 vitam
447 1416 494 1462 in
516 1415 657 1472 silvis,
685 1415 805 1462 inter
828 1415 1016 1462 deserta
1041 1415 1245 1461 ferarum
1356 1418 1460 1479 [pas

122 1482 298 1530 Lustra
317 1483 585 1543 domosque
611 1483 765 1537 traho,
785 1490 1043 1544 vastosque
1064 1482 1126 1528 ab
1152 1499 1267 1544 rupe
1281 1483 1455 1546 Cyclo-

122 1548 393 1612 Prospicio,
421 1551 723 1610 sonitumque
737 1549 914 1611 pedum
935 1565 1200 1610 vocemque
1219 1550 1459 1598 tremisco,

122 1615 317 1663 Victum
341 1615 599 1670 infelicem,
628 1616 818 1670 baccas,
841 1615 1156 1676 lapidosaque
1183 1632 1328 1661 corna

121 1681 253 1728 Dant
274 1682 406 1739 rami,
434 1691 481 1729 et
508 1681 648 1727 vulsis
676 1691 880 1743 pascunt
896 1682 1136 1728 radicibus
1160 1683 1334 1728 herbae.
1363 1681 1460 1730 650

122 1748 299 1795 Omnia
323 1750 631 1810 collustranS,
665 1750 787 1795 hanc
831 1749 1038 1812 primurn
1064 1749 1121 1795 ad
1151 1750 1311 1795 littora
1336 1751 1457 1796 clas-

260 1833 357 1862 sem

123 1882 365 1944 Conspexi
382 1880 678 1929 venientem:
706 1881 816 1927 huic
835 1899 926 1938 me,
949 1898 1253 1944 quaecunque
1273 1881 1456 1940 fuisset,

120 1948 302 1994 Addixi
325 1950 464 1995 :satis
490 1958 562 1994 est
587 1959 772 2010 gentem
799 1948 1024 2010 effugisse
1051 1949 1321 1995 nefandam.

120 2015 218 2061 Vos
240 2016 443 2061 animam
464 2015 582 2060 lianc
601 2015 760 2076 potius
776 2032 1067 2077 quocunque
1084 2016 1318 2062 absumite
1339 2017 1456 2064 letO.

187 2083 276 2128 Vix
303 2100 358 2128 ea
383 2082 509 2128 fatus
536 2091 654 2138 erat,
694 2098 881 2128 summo
919 2081 1029 2128 citm
1055 2093 1211 2128 monte
1240 2083 1455 2129 videmus

119 2148 286 2208 Ipsum
313 2149 437 2195 inter
463 2149 671 2209 pecudes
699 2150 832 2194 vasta
853 2166 900 2194 se
927 2150 1049 2195 mole
1072 2159 1344 2196 moventem

119 2214 365 2262 Pastorem
394 2216 763 2278 Polyphemum,
790 2225 838 2262 et
862 2216 1024 2261 littora
1050 2225 1160 2262 nota
1179 2226 1421 2278 petentem
1443 2233 1453 2263 :

120 2282 389 2328 Monstrum
417 2281 723 2338 horrendum,
750 2282 967 2339 informe,
991 2283 1176 2345 ingens,
1199 2283 1276 2329 cui
1295 2283 1453 2330 lumen

252 2349 510 2395 ademtum.

119 2415 316 2462 Trunca
332 2432 473 2462 manu
498 2414 638 2478 pinus
661 2415 777 2475 regit
801 2423 850 2461 et
875 2414 1072 2476 vestigia
1097 2415 1275 2462 firmat.

122 2481 364 2544 Lanigerae
383 2482 675 2528 comitantur
699 2498 830 2538 oves,
857 2499 913 2528 ea
933 2483 1036 2530 sola
1062 2484 1295 2546 voluptas,
1357 2482 1454 2530 660
