1607 2700
189 60 282 109 ‘262
519 80 568 112 P.
608 77 853 112 VIRGILII
896 77 1161 113 MARoms

188 199 390 246 Miratur
415 213 582 244 nemus
609 195 860 255 insuetum,
889 197 1118 260 fulgentia
1141 197 1278 258 longe

188 269 338 313 Scuta
359 264 506 311 virum
533 263 675 310 fluvio
696 264 947 327 pictasque
973 265 1134 311 innare
1160 265 1364 311 carinas.

187 331 285 377 Olli
309 330 503 392 remigio
523 338 810 393 noctemque
836 331 1058 392 diemque
1082 331 1298 393 fatigant,

187 399 248 444 Et
264 397 431 449 lonqos
452 406 680 460 superant
697 396 863 454 flexus,
884 398 1120 459 variisque
1133 405 1358 459 teguntur
1371 396 1494 459 [vas-

184 464 466 520 Arboribus,
493 465 760 525 viridesque
792 471 957 509 secant
994 464 1187 525 placido
1213 479 1405 526 aequore
1425 461 1499 507 sil-

252 531 336 577 Sol
362 531 570 577 medium
597 531 701 577 coeli
726 529 1074 577 conscenderat
1097 530 1262 591 igneus
1288 530 1472 584 orbem,

185 597 309 643 Cum
335 614 510 653 muros,
537 612 790 658 arcemque
816 596 1001 657 procul,
1027 605 1073 642 et
1097 613 1202 643 rara
1226 596 1474 643 domorum

183 664 335 709 Tecta
360 663 535 718 vident,
561 679 669 725 quae
693 679 819 709 nunc
845 663 1060 708 Romana
1084 662 1296 724 potentia
1321 661 1442 709 coelo
1534 710 1537 714 ,

184 731 407 791 AEquavit
430 747 440 784 ;
469 738 570 775 tum
591 747 665 776 res
682 729 852 792 inopes
873 728 1125 775 Evandrus
1151 729 1374 775 habebat.
1406 734 1500 774 100
1535 745 1543 756 ⁴

184 795 349 857 Ocyus
376 795 635 843 advertunt
659 812 838 858 proras,
864 796 1068 856 urbique
1093 795 1440 857 propinquant.

250 863 389 910 Forte
416 862 492 908 die
515 863 770 909 solemnem
798 862 985 910 illo·rex
1011 864 1159 908 Arcas
1187 862 1415 911 honorem

180 928 638 991 Amphitryoniadae
661 929 1073 991 niagnoDivisque
1098 928 1299 984 ferebat,

179 998 307 1043 Ante
333 996 517 1052 urbem,
544 997 591 1042 in
617 997 745 1044 luc-0.
819 996 971 1042 Pallas
999 996 1106 1041 huic
1128 994 1256 1041 filius
1279 993 1389 1050 una,

180 1061 285 1109 Una
310 1079 470 1109 omnes
484 1063 717 1125 juvenum
742 1062 899 1126 primi,
923 1078 1196 1124 pauperque
1223 1070 1429 1118 senatus,

179 1129 348 1175 Thura
367 1129 550 1176 dabant
570 1147 582 1184 ;
610 1129 891 1192 tepidusque
908 1145 1050 1175 cruor
1067 1129 1281 1176 fumabat
1298 1128 1358 1174 ad
1376 1144 1496 1174 aras.

183 1195 247 1241 Ut
271 1196 423 1243 celsas
450 1196 609 1244 videre
628 1205 769 1251 rateS,
797 1205 943 1257 atque
968 1196 1092 1242 inter
1112 1211 1314 1257 opacum

180 1262 343 1308 Allabi
370 1279 554 1319 nemuS‚
582 1271 630 1309 et
650 1262 804 1310 tacitis
832 1262 1107 1308 incumbere
1132 1260 1273 1307 remis
1297 1279 1308 1316 ;

179 1329 438 1375 Terrentur
463 1329 564 1375 visu
593 1330 770 1386 subito,
800 1329 1060 1389 cunctique
1081 1329 1251 1375 relictis

182 1395 485 1457 Consurgunt
511 1396 701 1443 mensis.
755 1395 930 1442 Audax
957 1411 1076 1457 quos
1102 1411 1318 1457 rumpere
1346 1394 1495 1440 Pallas

181 1463 327 1508 Sacra
351 1470 495 1518 vetat,
517 1472 754 1525 raptoque
780 1463 913 1508 volat
938 1462 1032 1508 telo
1054 1461 1227 1507 obvius
1254 1462 1372 1523 ipse,
1404 1469 1491 1507 111

183 1529 242 1574 Et
270 1528 437 1590 procul
461 1546 485 1575 e
512 1531 697 1576 tumulo
720 1546 730 1575 :
762 1529 985 1591 juvenes,
1008 1546 1114 1590 quae
1140 1544 1281 1575 causa
1306 1528 1497 1588 subegit

181 1596 374 1656 Ignotas
401 1604 582 1641 tentare
611 1596 741 1643 vias‘!
781 1595 877 1657 qu&
903 1596 1134 1643 tenditis?
1170 1596 1339 1656 inquit.

183 1661 280 1716 Qui
306 1662 490 1723 genus?
526 1662 652 1708 unde
678 1662 851 1709 domo?
887 1678 1122 1725 pacemne
1148 1662 1240 1707 huc
1266 1660 1416 1717 fertiS‚
1436 1676 1492 1705 an

179 1730 307 1775 Tum
333 1736 468 1790 pater
484 1729 654 1775 AEneas
676 1729 832 1792 puppi
857 1729 925 1775 sic
952 1728 1079 1775 fatur
1102 1728 1162 1774 ab
1187 1729 1299 1782 alt-51,
1318 1727 1495 1789 [armaff

184 1794 506 1859 Paciferaeque
533 1813 671 1842 manu
697 1812 877 1842 ramum
904 1795 1163 1870 praetendit
1187 1794 1347 1841 olivae:

181 1862 483 1924 Trojugenas
507 1879 564 1909 ac
591 1863 683 1909 tela
703 1862 870 1909 vides·
861 1863 1051 1908 inimica
1072 1861 1286 1908 Latinis.

183 1930 322 1983 Quos
347 1929 415 1975 illi
440 1930 565 1976 bello
585 1929 813 1992 profugos
839 1946 979 1992 egere
1006 1931 1230 1991 superbo.

182 1995 459 2042 Evandrum
486 1998 722 2059 petimus:
762 1997 880 2043 ferte
906 1997 1028 2051 haec,
1055 2003 1102 2042 et
1126 1995 1268 2042 dicite
1291 1982 1440 2041 lectos

182 2063 441 2110 Dardaniae
458 2064 642 2111 venisse
663 2063 831 2119 duces,
845 2063 974 2109 socia
994 2078 1120 2108 arma
1137 2068 1377 2124 rogantes.
1406 2068 1495 2110 120

182 2129 448 2192 Obstupuit
473 2139 604 2178 tanto
628 2130 872 2191 perculsus
899 2129 1086 2175 nomine
1111 2129 1297 2175 Pallas:
1375 2129 1494 2190 [teni

187 2196 417 2257 Egredere
454 2213 500 2254 0,
540 2198 812 2259 quicunque
838 2214 904 2253 es,
931 2196 1011 2250 ait,
1040 2212 1299 2258 coramque
1324 2211 1494 2257 parcn-

187 2262 454 2325 Alloquere,
482 2279 538 2309 ac
564 2264 734 2310 nostris
759 2263 965 2310 succede
990 2262 1240 2323 penatibus
1269 2262 1459 2322 hospes.

186 2329 484 2392 Excepitque
510 2347 670 2385 manu,
690 2332 1002 2391 dextramque
1022 2330 1268 2392 amplexus
1287 2328 1491 2375 inhaesit.

182 2393 418 2458 Progressi
440 2397 644 2443 subeunt
670 2397 800 2452 luco,
826 2396 1117 2458 fluviumque
1144 2396 1437 2457 relinquunt.

244 2463 368 2509 Tum
396 2479 551 2524 regem
578 2465 746 2511 AEueas
773 2463 913 2509 dictis
938 2463 1112 2509 affatur
1136 2463 1323 2509 amicis:
