1586 2704
535 104 796 138 AENemos
838 104 946 136 Lm.
985 105 1040 137 x.
1360 101 1453 141 323

158 220 373 266 Solicitas
398 234 567 279 aegram
593 225 643 263 et
663 226 744 263 tua
771 217 924 263 tristia
957 218 1084 263 dicta
1111 218 1347 264 timentem
1369 219 1389 264 ’ἔ

158 287 208 332 Si
234 285 362 341 mihi,
388 300 496 344 quae
522 282 760 344 quondam
790 283 959 339 fuerat,
987 300 1224 346 quamque
1243 300 1344 330 esse
1367 284 1451 330 de-

285 351 440 405 cebar,

158 416 237 461 Vis
266 416 481 462 lnamore
498 414 647 467 foret;
676 413 873 460 nonlioc
895 413 1227 475 mihinamque
1242 431 1452 476 negares,

161 482 501 542 Omnipotens;
532 482 641 541 quin
667 490 714 526 et
737 496 906 541 pugnae
926 479 1190 525 subducere
1215 481 1451 534 Turnum,

155 548 213 592 Et
241 548 411 592 Dauno
429 562 613 607 possem
640 546 926 591 incolumem
955 562 1141 592 servare
1167 548 1362 604 parenti.

153 613 292 658 Nunc
320 621 496 672 pereat,
515 612 810 672 Teucrisque
828 612 906 673 pio
928 611 1007 657 det
1028 612 1249 672 sanguine
1272 627 1450 672 poenas.

154 678 237 722 Ille
259 686 418 724 tamen
445 679 600 723 nostra
626 677 821 724 deducit
846 678 1021 739 origine
1048 693 1232 723 nomeu.

154 743 490 805 Pilumnusque
515 744 579 788 illi
606 754 799 805 quartus
825 754 987 805 putem
1027 751 1072 788 et
1097 752 1175 788 tua
1201 742 1332 804 larga

151 809 289 870 Saepe
317 826 455 855 manu
484 810 737 870 multisque
763 810 973 855 oneravit
994 809 1149 854 limina
1176 809 1330 873 donis..
1354 807 1450 857 620

152 875 239 920 Cui
269 891 347 920 rex
373 876 562 921 aetherei
593 876 799 920 breviter
824 875 889 920 sic
916 875 1043 921 satur
1066 874 1291 936 Olympi:

151 941 199 986 Si
223 957 350 986 mora
376 941 624 1002 praesentis
651 941 731 986 leti
760 951 1041 1002 tempusque
1067 941 1254 986 caduco

148 1006 527 1066 Oraturjuveui,
556 1023 724 1067 meque
752 1007 842 1051 hoc
872 1007 934 1051 ita
951 1021 1124 1067 ponere
1144 1006 1318 1060 senlis;

147 1071 284 1117 Tolle
311 1072 424 1133 fuga
448 1073 675 1126 Turnum,
703 1081 848 1133 atque
868 1072 1152 1118 instantibus
1171 1072 1299 1134 eripe
1324 1071 1446 1119 fatis.

151 1137 396 1183 Hactenus
422 1137 673 1183 indulaisse
697 1147 851 1184 vacat.
923 1138 1004 1184 Sin
1031 1138 1171 1183 altior
1195 1137 1297 1183 istis

148 1203 248 1249 Sub
275 1203 492 1263 precibus
520 1203 652 1248 venia
681 1204 769 1249 ullu
793 1206 925 1260 latet,
953 1212 1200 1264 totumque
1228 1204 1404 1250 moveri

148 1270 384 1315 Mutarive
412 1279 548 1330 putas
570 1269 767 1315 belluni:
807 1285 917 1330 spes
944 1270 1097 1330 pascis
1118 1270 1295 1315 inanes.

148 1336 236 1380 Cui
256 1336 722 1397 Junoallacrymans:
742 1337 866 1389 Quid
883 1336 935 1389 si,
949 1336 1077 1396 quod
1096 1351 1210 1381 voce
1222 1336 1446 1396 gravari8‚

147 1399 307 1447 Mente
327 1402 486 1455 dares3
507 1413 650 1461 atque
672 1402 774 1447 haec
790 1402 952 1446 Turno
971 1410 1069 1447 rata
1089 1402 1181 1446 vita
1202 1413 1407 1448 maneret
1426 1404 1446 1447 ’ἕ

150 1466 284 1512 Nunc
314 1476 467 1513 manet
492 1468 717 1511 insontem
744 1467 896 1526 gravis
922 1468 1101 1512 exitus:
1141 1476 1221 1512 aut
1238 1483 1328 1529 ego
1353 1467 1448 1512 veri

146 1532 277 1578 Vana
303 1532 445 1579 feror.
471 1531 614 1586 Quod
643 1541 689 1577 ut
717 1549 744 1577 o
771 1532 929 1594 potius
956 1532 1203 1579 formidine
1218 1532 1331 1578 fals-51
1351 1532 1443 1581 631

148 1595 335 1645 Ludat:
362 1599 471 1644 etin
499 1599 662 1644 melius
686 1606 782 1653 tuu,
805 1599 883 1659 qui
906 1608 1061 1659 poteS‚
1088 1615 1192 1644 orsa
1217 1599 1445 1646 reflectas.

209 1664 329 1713 Haec
357 1664 436 1709 ubi
462 1665 589 1709 dicta
614 1664 763 1720 dedit,
789 1664 909 1710 coelo
929 1681 975 1710 se
1001 1674 1230 1725 protenus
1254 1665 1350 1710 alto

148 1730 297 1784 Misit,
323 1746 466 1791 agens
493 1731 708 1792 hyemem
737 1730 894 1775 nimbo
912 1731 1158 1776 succincta
1174 1746 1255 1792 per
1280 1747 1444 1785 auras:

146 1794 434 1856 Iliacamque
459 1797 607 1841 aciem
635 1804 681 1841 et
708 1796 956 1841 Laurentia
980 1805 1138 1842 castra
1164 1797 1345 1857 petivit.

143 1861 270 1907 Tum
296 1862 396 1906 Dea
413 1862 535 1908 nube
561 1878 675 1907 cava
696 1871 879 1907 tenuem
894 1878 992 1906 siue
1012 1863 1186 1907 viribus
1215 1862 1444 1919 umbram,

143 1927 197 1972 In
222 1927 388 1972 faciem
417 1928 576 1973 AEneae
602 1928 722 1986 (visu
750 1928 963 1972 mirabile
992 1929 1273 1986 monstrum)

145 1993 396 2039 Dardaniis
423 2002 558 2039 ornat
578 1994 708 2043 telis:
747 1993 1324 2054 clypeumquejubasque

144 2059 301 2105 Divini
327 2060 564 2105 assimulat
590 2059 775 2119 capitis,
794 2058 874 2103 dat
901 2059 1052 2104 inania
1079 2060 1237 2114 verba,

145 2125 236 2172 Dat
262 2125 357 2172 sine
377 2136 529 2171 mente
553 2141 736 2179 sonum,
754 2141 1035 2186 gressusque
1061 2125 1240 2186 effingit
1265 2126 1429 2172 euntis.

146 2190 304 2238 Morte
330 2193 460 2237 obit-:2
481 2191 642 2253 quales
668 2192 786 2236 suma
812 2200 886 2236 est
906 2193 1096 2238 volitare
1117 2190 1310 2253 figuras,
1348 2191 1437 2239 641

144 2261 242 2303 Aut
262 2273 369 2318 quae
397 2259 578 2318 sopitos
604 2257 837 2302 ‹leluduut
862 2258 1042 2303 somnia
1069 2274 1250 2304 sensus.

146 2325 204 2365 At
234 2323 403 2382 primas
427 2325 536 2369 laeta
559 2333 666 2369 aute
692 2339 818 2369 acies
843 2324 1018 2368 exultat
1045 2324 1214 2384 imago,

146 2387 394 2449 lrritatque
422 2392 564 2435 virum
595 2390 718 2444 telis,
737 2399 784 2435 et
812 2406 928 2434 voce
948 2390 1149 2435 lacessit.

146 2453 295 2500 limat
321 2456 396 2500 cui
423 2456 632 2511 Tutum,
659 2454 1027 2516 &ridentemque
1054 2457 1233 2517 eminus
1261 2455 1441 2516 hastam
