1614 2694
508 79 825 114 GEORGICA.
867 81 975 115 LlE.
1019 82 1080 116 11.
1383 78 1444 119 53

146 175 232 222 vix
259 175 458 223 humiles
479 175 650 237 apibus
672 174 824 222 casias
848 190 1097 236 roremque
1124 175 1354 224 ministrat
1376 196 1388 232 ;

140 243 202 288 Et
226 242 404 305 tophus
425 243 614 298 scaber,
641 250 689 288 et
713 241 855 304 nigris
881 258 1022 287 exesa
1043 243 1281 305 chelydris

141 311 302 365 Creta,
328 316 503 369 negant
528 308 644 355 alios
670 311 807 371 aeque
834 308 1134 370 serpentibus
1160 326 1296 371 agros

139 375 343 422 Dulcem
369 375 490 422 ferre
517 376 698 431 cibum,
720 385 767 422 et
793 390 962 421 curvas
981 374 1192 436 praebere
1217 377 1444 424 latebras.

141 442 262 496 Quae
279 448 468 488 tenuem
490 442 915 489 exhalatnebulam
937 442 1189 503 fumosque
1211 443 1444 499 volucres,

138 509 202 554 Et
219 509 339 554 bibit
357 508 621 568 humorem,
641 510 820 565 enesim
840 509 956 565 vult,
975 525 1032 554 ex
1047 525 1093 554 se
1111 509 1213 570 ipsa
1233 510 1443 567 remittit,

138 575 358 638 Quaeque
385 592 471 622 suo
498 576 635 622 viridi
668 593 856 639 semper
881 592 927 621 se
954 577 1166 636 gramine
1192 576 1347 632 vestit,

136 641 242 688 Nec
268 642 430 689 scabie
455 651 502 689 et
526 643 643 689 salsa
668 643 802 690 laedit
825 642 1041 704 rubigine
1067 642 1242 688 ferrum
1264 661 1277 698 ;
1351 650 1446 691 220

137 707 224 755 Illa
247 708 335 755 tibi
359 709 478 756 laetis
503 710 682 757 intexet
705 710 879 756 vitibus
905 711 1058 756 ulmos
1080 728 1091 765 ;

136 775 223 821 Illa
247 775 378 825 ferax
403 777 518 827 oleae
535 786 636 833 est;
675 777 802 823 illam
829 777 1070 838 experiere
1096 775 1296 822 colendo

137 843 201 888 Et
225 841 407 890 facilem
435 845 614 906 pecori,
642 853 688 891 et
714 844 974 905 patientem
1001 844 1199 889 vomeris
1228 843 1354 901 unci‚

135 908 304 955 Talem
332 910 464 957 dives
490 919 592 957 arat
617 912 801 972 Capua,
829 920 876 956 et
898 910 1053 956 vicina
1078 912 1260 956 Vesevo

137 975 396 1039 Orajugo,
418 987 463 1024 et
490 978 654 1024 vacuis
682 977 877 1023 Clanius
904 993 995 1022 non
1020 993 1186 1038 {equus
1212 979 1418 1024 Acerris.

133 1099 138 1103 ἢ
200 1042 363 1099 Nunc,
401 1061 497 1107 quo
523 1061 764 1108 quamque
790 1043 933 1090 modo
960 1047 1115 1106 possis
1139 1060 1442 1105 cognoscere,

267 1109 444 1159 dicam.

134 1174 258 1223 Rara
283 1177 358 1233 sit,
386 1194 444 1224 an
470 1193 615 1239 supra
639 1194 812 1224 morem
841 1177 899 1224 sit
919 1177 1079 1231 densa,
1106 1177 1343 1238 requiras;

132 1242 298 1290 Altera
317 1244 570 1291 frumentis
589 1245 813 1308 quoniam
840 1245 984 1300 favet,
1012 1245 1157 1290 altera
1187 1245 1413 1304 Bacciio;

134 1309 314 1364 Densa,
342 1313 493 1374 magis
521 1313 701 1366 Cereri,
730 1311 962 1357 rarissima
990 1327 1195 1372 quaeque
1222 1311 1397 1372 Lyaeoz

134 1376 261 1423 Ante
286 1378 447 1424 locum
474 1378 633 1440 capies
660 1378 810 1423 oculis
833 1395 844 1432 ;
871 1378 1060 1438 alteque
1079 1377 1278 1438 jubebis
1349 1385 1445 1426 230

132 1440 188 1487 In
216 1443 369 1490 solldo
394 1453 591 1506 puteum
618 1444 822 1500 demitti,
850 1460 1139 1505 omnemque
1163 1461 1364 1505 repones

134 1508 315 1556 Rursus
362 1511 577 1568 humum,
615 1520 662 1558 et
719 1511 924 1573 pedibus
978 1527 1183 1556 summas
1231 1511 1446 1573 aequabis

265 1593 445 1625 arenas.

132 1641 181 1688 Si
204 1642 421 1701 deerunt,
447 1661 619 1700 rarum,
644 1643 903 1707 pecorique
928 1652 976 1690 et
999 1643 1178 1690 vitibus
1202 1643 1336 1690 almis

131 1709 325 1772 AptiuS‚
347 1713 465 1759 uber
488 1713 604 1759 erit:
643 1712 713 1757 sin
739 1711 785 1757 in
807 1727 892 1758 sua
918 1727 1057 1772 posse
1082 1712 1328 1773 negabunt

131 1775 208 1822 Ire
231 1776 353 1836 loca,
379 1789 426 1826 et
451 1778 710 1826 scrobibus
737 1778 983 1841 superabit
1007 1788 1129 1825 terra
1154 1778 1361 1840 repletis,

133 1842 324 1905 Spissus
349 1863 482 1909 agei-3
522 1846 683 1906 glebas
705 1852 989 1892 cunctantes
1011 1860 1262 1907 crassaque
1279 1854 1406 1908 terga

131 1910 367 1972 Expecta,
394 1921 444 1960 et
467 1912 637 1959 validis
663 1921 834 1958 terram
863 1912 1115 1973 proscinde
1132 1911 1373 1972 juvencis.

198 1979 332 2026 Salsa
352 1988 510 2026 autem
537 1980 694 2035 tellus,
722 1987 769 2025 et
795 1995 902 2041 quae
927 1979 1206 2042 perhibetur
1229 1994 1406 2035 amara,

132 2044 369 2107 Frugibus
395 2047 559 2094 infelix
585 2051 661 2107 (ea
686 2062 774 2092 nec
801 2047 1090 2092 mansuescit
1109 2045 1306 2102 arando,
1345 2052 1440 2100 239

130 2111 236 2158 Nec
262 2114 455 2161 Baccho
475 2131 637 2177 genus,
663 2122 745 2159 aut
770 2113 926 2176 pomis
953 2130 1036 2159 sua
1061 2112 1248 2158 nomina
1272 2116 1444 2174 servat)

130 2180 254 2227 Tale
279 2181 414 2228 dabit
439 2182 708 2244 specimen:
746 2188 794 2226 tu
823 2180 970 2241 spisso
993 2180 1163 2226 vimine
1188 2179 1373 2241 qualos,

133 2249 348 2312 Colaque
373 2250 630 2311 praelorum
657 2247 849 2292 fumosis
873 2247 1039 2310 deripe
1067 2246 1220 2292 tectis.

132 2315 244 2362 Huc
269 2331 380 2378 ager
404 2315 482 2362 ille
508 2315 675 2371 malus,
701 2312 958 2375 dulcesque
985 2332 1009 2360 a
1038 2314 1247 2359 fontibus
1273 2311 1416 2359 undoe

132 2382 210 2427 Ad
237 2382 428 2443 plenum
455 2381 722 2428 calcentur:
760 2397 886 2442 aqua
910 2380 1197 2426 eluctabitur
1220 2381 1373 2426 omnis

133 2447 342 2504 Scilicet,
368 2457 415 2495 et
433 2449 635 2511 grandes
662 2449 797 2494 ibunt.
823 2463 907 2508 per
931 2447 1100 2493 vimina
1126 2455 1291 2508 guttae.

134 2517 197 2562 At
222 2531 364 2579 sapor
390 2515 615 2562 indicium
638 2514 774 2562 faciet
802 2514 1093 2571 manufestus,
1121 2523 1164 2560 et
1192 2530 1272 2559 ora
