1607 2700
205 99 300 150 290
537 105 585 137 P.
623 103 874 137 VIRGILII
916 103 1181 137 MARoms

202 218 362 264 Multa
385 217 508 281 patri
534 217 770 280 portanda
795 216 942 263 dabat
969 216 1225 271 mandata;
1274 214 1353 261 sed
1380 231 1506 262 aurae

203 283 377 330 Omnia
403 283 697 344 discerpunt,
723 292 769 331 et
792 284 1002 329 nubibus
1028 282 1156 328 irrita
1176 281 1374 327 donant.

269 350 457 411 Egressi
477 359 699 411 superant
726 351 898 403 fossas,
915 349 1168 410 noctisque
1186 363 1267 408 per
1290 347 1506 393 umbram

204 416 369 462 Castra
395 416 585 462 inimica
611 425 798 478 petunt,
827 416 989 460 multis
1016 426 1169 460 tamen
1197 414 1306 459 ante
1334 413 1479 459 futuri

201 482 375 528 Exitio·
446 483 623 528 Passim
652 482 756 526 vino
783 497 1046 539 somnoque
1074 497 1155 539 per
1181 481 1374 525 herbam

202 548 413 609 Corpora
442 549 542 593 suna
572 548 764 600 vident;
805 555 1014 591 arrectos
1040 546 1195 591 littore
1221 562 1399 600 currus,

201 613 331 659 Inter
357 615 456 660 lora
482 625 721 674 rotasque,
751 613 906 665 viros;
946 612 1085 657 simul
1112 613 1439 670 armajacere‚

201 680 321 725 Vina
339 681 422 725 sim
434 681 493 726 ul.
531 680 663 724 Prior
680 677 964 740 Hyrtacides
981 678 1049 723 sic
1071 693 1149 722 ore
1168 678 1381 724 iocutus:
1410 682 1507 733 319

199 746 419 808 Euryale,
440 746 711 790 audendum
738 744 902 789 dextra
926 760 937 789 ι
975 759 1101 789 nune
1127 744 1229 804 ipsa
1251 751 1393 789 vocat.
1417 759 1507 789 res,

198 811 304 857 Hac
330 812 417 857 iter
441 820 544 858 est:
577 820 646 866 tu,
669 827 725 855 ne
752 827 847 872 qua
869 827 1032 855 manus
1059 826 1108 854 se
1133 809 1346 854 attollere
1371 809 1507 855 nobis

199 881 238 922 A
269 885 405 939 tergo
430 879 599 940 possit,
624 877 829 931 custodi,
857 885 904 922 et
929 876 1120 922 consule
1144 875 1302 935 longe.

198 943 318 989 Haec
336 960 424 1006 ego
443 954 572 990 vasta
590 944 800 999 dabo,et
816 944 910 988 lato
929 951 975 988 te
995 942 1140 988 limite
1153 941 1342 988 ducam.
1376 941 1507 1004 [bum

199 1009 277 1055 Sic
296 1019 543 1066 memorat,
559 1026 822 1071 vocemque
841 1008 1012 1070 premit
1030 1025 1040 1060 ;
1065 1009 1147 1053 sim
1159 1009 1203 1054 ul
1221 1025 1329 1054 ense
1347 1023 1509 1069 super-

199 1075 515 1122 Rhamnetem
544 1077 831 1137 aggreditur,
858 1076 941 1136 qui
967 1075 1090 1121 forte
1118 1075 1363 1138 tapetibus
1387 1075 1490 1120 altis

197 1141 474 1198 Extractus,
503 1151 605 1188 toto
632 1141 867 1203 proflabat
894 1151 1089 1202 pectore
1117 1158 1334 1187 somnum
1358 1158 1369 1195 ;

200 1208 302 1254 Rex
329 1209 471 1263 idem,
499 1218 544 1254 et
570 1210 666 1268 regi
693 1209 856 1254 Turno
883 1209 1174 1266 gratissimus
1200 1223 1348 1269 augur
1371 1224 1382 1261 ;

199 1274 295 1320 Sed
324 1290 417 1319 non
443 1276 643 1325 augurio
672 1275 829 1336 potuit
854 1274 1089 1335 depellere
1116 1284 1319 1336 pestem.

197 1339 314 1387 Tres
334 1340 473 1401 juxta
500 1340 699 1386 famulos
724 1349 898 1387 temere
924 1342 1047 1386 inter
1073 1342 1165 1386 teia
1184 1341 1421 1414 jacentesn,

198 1408 598 1480 Armiyerumque
618 1408 752 1452 Remi
773 1408 958 1467 premit,
973 1405 1280 1468 aurigamque
1297 1406 1407 1451 sub
1396 1421 1512 1466 lpS1s

197 1472 383 1519 Nactus
409 1473 562 1534 equis,
583 1474 799 1535 ferroque
818 1489 913 1519 sec·
917 1481 948 1518 it
970 1474 1230 1533 pendentia
1247 1471 1389 1518 eolla.
1415 1478 1508 1522 331

197 1539 321 1585 Tum
342 1551 490 1601 caput.
512 1540 604 1601 ipsi
625 1540 776 1585 aufert
795 1539 1009 1595 domino,
1029 1547 1348 1601 truncumque
1372 1539 1512 1586 relin-

334 1608 437 1666 quit

200 1672 434 1733 Sanguine
460 1671 794 1734 singultantem
818 1686 830 1717 t
870 1677 973 1716 atro
1001 1671 1243 1731 tepefacta
1269 1687 1438 1719 cruore

197 1738 352 1784 Terra
376 1739 563 1799 torique
589 1736 796 1783 madent.
831 1737 1034 1783 Necnon
1056 1738 1403 1801 Lamyrumque
1425 1739 1513 1786 La-

331 1821 573 1866 mumque,

198 1871 257 1916 Et
277 1870 501 1931 juvenem
532 1872 817 1926 Sarranum3
859 1868 939 1914 ilia
965 1868 1046 1932 qui
1071 1868 1277 1931 plurima
1303 1880 1446 1920 nocte

199 1937 411 1992 Luserat,
440 1937 633 1999 insignis
662 1935 802 1990 facie,
831 1937 1080 1998 multoque
1099 1936 1299 1997 jacebat

201 2005 417 2049 Membra
445 2005 549 2049 Deo
576 2004 761 2048 victus:
800 2002 929 2057 felix,
956 2003 992 2047 si
1018 2012 1246 2063 protenus
1274 2003 1403 2050 illum

197 2070 448 2128 AEquasset
474 2070 601 2115 nocti
630 2068 811 2122 ludum,
839 2069 885 2113 in
914 2069 1167 2129 lucemque
1195 2070 1399 2118 tulisset.

264 2136 500 2197 Impastus
528 2153 615 2181 ceu
642 2136 776 2196 plena
804 2135 875 2179 leo
903 2151 984 2196 per
1007 2134 1144 2179 ovilia
1172 2137 1389 2191 turbans,
1415 2143 1512 2196 339

196 2202 401 2260 (Suadet
427 2203 549 2247 enim
579 2218 748 2247 vesana
776 2202 944 2259 fames)
973 2202 1243 2262 manditque
1273 2203 1513 2264 trahitque

198 2268 347 2313 Molle
366 2285 526 2328 pecus,
542 2278 820 2327 mutumque
839 2278 994 2320 n1e1u;
1017 2267 1176 2314 fremit
1192 2285 1276 2316 ore
1292 2280 1507 2320 cruento·

198 2334 301 2380 Nec
330 2336 480 2380 minor
510 2334 699 2397 Euryali
726 2335 916 2381 caedes:
958 2336 1178 2382 incensus
1205 2345 1289 2385 et·
1279 2359 1381 2404 ipse

198 2400 432 2457 Persurit3
452 2417 506 2447 ac
526 2403 748 2449 muitnn
742 2417 785 2449 m
804 2403 962 2450 medio
979 2403 1078 2450 sine
1099 2405 1286 2452 nomine
1308 2409 1512 2471 plebem.

200 2435 499 2531 Fadumq'ue,
564 2471 929 2532 Heibesumque
988 2487 1035 2516 su
1048 2471 1131 2527 bit,
1189 2471 1513 2538 Rhoetumque

333 2538 645 2599 Abarimque,
