1607 2700
171 111 263 153 2253
502 121 552 154 Ρ.
590 119 833 154 VIRGILII
882 119 1149 155 MARoms

172 239 306 287 Unde
323 239 466 287 etiam
482 239 658 286 Triviae
682 241 862 301 templo
885 241 1099 304 lucisque
1127 240 1322 288 sacratis

169 306 459 369 Cornipedes
486 314 705 354 arcentur
718 307 845 367 equi,
860 308 986 369 qued
1007 308 1162 354 littore
1188 323 1378 353 currum

168 372 460 432 Etjuvenem
487 377 706 419 monstriS
728 373 886 434 pavidi
905 374 1113 421 effudere
1139 373 1346 420 marinis.
1392 379 1484 428 780

167 439 317 485 Filius
342 439 564 487 ardentes
591 440 718 487 haud
741 439 894 485 secius
913 456 1106 501 aequore
1132 441 1292 502 campi

168 506 436 552 Exercebat
460 523 627 569 equOS,
652 522 891 567 curruque
915 505 958 551 in
989 507 1111 554 bella
1136 508 1323 553 ruebat.

235 574 348 634 Ipse
373 573 498 619 inter
523 573 703 634 primos
731 573 977 634 praestanti
1003 589 1205 635 corpore
1229 574 1425 620 Turnus

166 640 398 694 Vertitur,
425 655 554 684 arma
573 647 752 693 tenens,
778 648 824 685 et
849 647 955 686 toto
981 641 1156 686 vertice
1182 638 1328 703 supra
1354 647 1441 686 est.

166 705 255 752 Cui
275 706 446 767 triplici
471 704 769 766 crinitajuba
793 706 928 767 galea
952 707 1045 752 alta
1067 707 1351 754 Chimaeram

167 772 392 827 Sustinet,
407 772 616 817 AEtnaeos
643 772 879 818 efflantem
908 772 1132 819 faucibus
1159 772 1316 834 ignes;

166 839 288 884 Tam
303 837 452 900 magis
467 837 543 884 illa
559 840 785 895 fremens,
805 847 852 885 et
873 839 1089 886 tristibus
1107 838 1253 885 effera
1269 837 1487 894 flammis,
1543 835 1553 860 ’“

166 903 324 959 Quam
347 903 497 968 magis
518 904 671 951 effuso
698 906 992 952 crudescunt
1017 905 1241 966 sanguine
1267 920 1456 967 puguae.

165 974 227 1017 At
250 971 399 1017 levem
430 971 653 1033 clypeum
682 972 884 1019 sublatis
910 973 1135 1018 cornibus
1159 972 1214 1018 Io

165 1040 296 1084 Auro
321 1037 599 1099 insignibat,
617 1038 718 1100 jam
746 1039 857 1085 setis
884 1039 1055 1094 obsita,
1075 1039 1180 1100 jam
1207 1040 1311 1093 bos,
1398 1042 1496 1092 790

170 1106 533 1165 {Argumentum
554 1104 734 1167 ingens)
764 1115 811 1152 et
836 1113 996 1152 custos
1023 1105 1218 1167 virginis
1245 1108 1423 1165 ArguS‚

165 1171 444 1233 Coelataque
470 1187 653 1217 amnem
680 1172 883 1219 fundens
910 1181 1043 1234 pater
1066 1172 1274 1218 Inachus
1301 1187 1436 1216 urna.

165 1237 440 1299 Insequitur
465 1237 656 1284 nimbus
684 1239 917 1313 peditum,
947 1240 1266 1301 clypeataque
1291 1237 1406 1284 totis

168 1305 375 1366 Agmina
400 1304 659 1352 densentur
684 1306 882 1366 campis,
913 1306 1190 1368 Argivaque
1216 1305 1386 1366 pubes,

169 1375 508 1434 Auruncaeque
536 1388 716 1428 manus,
746 1373 930 1428 Rutuli,
960 1381 1239 1434 veteresque
1266 1370 1444 1430 Sicani,

166 1441 228 1484 Et
254 1440 478 1485 Sacranae
499 1439 642 1494 acies,
670 1449 717 1485 et
734 1439 846 1500 picti
873 1447 1013 1486 scuta
1033 1438 1228 1485 Labici:

165 1506 262 1560 Qui
288 1506 452 1562 saltus,
478 1505 722 1562 Tiberine,
741 1515 866 1560 tuos,
895 1522 1185 1568 sacrumque
1211 1503 1405 1551 Numici

165 1573 321 1618 Littus
348 1580 505 1626 arant;
545 1572 849 1634 Rutulosque
866 1582 1090 1619 exercent
1115 1587 1305 1618 vomere
1330 1570 1494 1627 colles,

167 1637 721 1701 Circaeumquejufgum3
761 1639 896 1701 queis
916 1640 1106 1701 Jupiter
1123 1638 1346 1686 Anxurus
1371 1637 1495 1683 arvis

169 1706 415 1761 Praesidet,
442 1715 489 1751 et
515 1705 651 1751 viridi
677 1706 890 1768 gaudens
918 1706 1117 1752 Feronia
1143 1706 1253 1751 luco
1276 1723 1287 1759 ;
1401 1710 1496 1752 800

165 1772 275 1825 Qua
301 1773 487 1819 Saturae
505 1771 639 1833 jacet
662 1782 766 1818 atra
781 1773 938 1835 palus,
957 1772 1242 1834 gelidusque
1259 1787 1343 1832 per
1367 1770 1482 1815 imas

167 1839 357 1894 Quaerit
383 1839 471 1885 iter
498 1839 642 1885 valles
668 1848 810 1901 atque
837 1839 880 1884 in
908 1855 1033 1885 mare
1059 1839 1282 1885 conditur
1307 1836 1479 1884 Ufens.

235 1907 336 1952 Hos
362 1922 504 1969 super
529 1905 723 1953 advenit
739 1905 915 1952 Volsca
940 1909 998 1952 de
1023 1915 1162 1967 gente
1189 1904 1408 1959 Camilla,

167 1976 353 2035 Agmen
380 1989 524 2036 agens
550 1974 763 2034 equitum
790 1982 838 2020 et
863 1972 1084 2019 florentes
1109 1988 1200 2018 aere
1227 1980 1463 2025 catervas,

167 2040 423 2088 Bellatrix:
463 2056 556 2086 non
581 2041 662 2086 illa
687 2040 796 2087 colo
823 2040 1079 2086 calathisve
1102 2039 1333 2085 Minervae

168 2108 431 2155 Foemineas
456 2114 646 2154 assueta
670 2123 867 2161 manus;
907 2107 990 2154 sed
1011 2105 1180 2168 praelia
1204 2105 1333 2165 virgo

168 2174 305 2219 Dura
330 2174 447 2236 pati,
475 2190 718 2237 cursuque
738 2174 916 2236 pedum
935 2180 1216 2235 praevertere
1242 2180 1428 2216 ventos.

170 2239 260 2287 Illa
281 2242 356 2286 vel
382 2241 579 2287 intactae
605 2244 775 2303 segetis
802 2257 884 2302 per
911 2256 1095 2287 summa
1119 2238 1296 2284 volaret

170 2307 425 2363 Gramina;
467 2323 554 2354 nec
581 2317 770 2354 teneras
797 2324 941 2354 cursu
967 2307 1165 2353 laesisset
1189 2306 1378 2352 aristas:

144 2385 148 2390 '
172 2375 261 2420 Vel
277 2389 403 2421 mare
417 2389 502 2436 per
518 2374 747 2429 medium,
767 2375 917 2421 fluctu
931 2388 1163 2435 suspensa
1175 2372 1393 2427 tumenti,
1409 2377 1503 2418 810

170 2441 330 2488 Ferret
351 2439 468 2495 iter;
508 2442 685 2488 celeres
713 2457 800 2489 nec
829 2442 1032 2504 tingeret
1056 2456 1251 2502 aequore
1278 2441 1465 2502 plautas

169 2507 304 2554 Illam
329 2508 478 2555 omnis
499 2508 638 2555 tectis
658 2508 881 2571 agrisque
905 2506 1052 2555 effusa
1071 2506 1322 2569 juventus,
