1607 2700
197 102 292 142 244
549 106 596 139 Ρ.
635 106 888 140 VIRGILII
917 104 1178 139 MARONOE

200 226 459 271 Inmianem
483 225 735 287 Lapithum
762 224 936 270 valuit:
975 223 1216 270 concessit
1241 222 1288 268 in
1315 222 1401 269 iras

199 293 304 353 Ipse
333 292 486 338 Deum
513 292 757 353 antiquam
784 291 968 352 genitor
991 290 1237 353 Calydona
1263 290 1451 335 Dianae:

200 357 346 412 Quod
374 358 547 413 scelus,
566 368 646 404 aut
671 358 897 419 Lapithas
920 366 1120 413 tautum,
1143 365 1224 403 aut
1270 355 1516 419 Calydona

338 432 593 471 merentem
618 425 637 470 ’ἒ

198 493 286 537 Ast
301 507 407 553 ego,
435 507 604 551 magna
624 489 754 537 Jovis
777 490 968 551 conjux,
988 489 1052 534 nil
1073 489 1283 550 linquere
1299 488 1517 534 inausum

201 559 322 612 Quae
348 557 485 620 potui
508 556 683 612 infelix,
713 571 820 616 quae
840 564 1010 602 memet
1034 555 1078 600 in
1101 556 1258 601 omnia
1284 554 1415 605 verti,

199 623 376 670 Vincor
400 624 459 669 ab
485 624 650 669 AEnea.
723 620 866 675 Quod
894 622 930 667 si
957 637 1057 667 mea
1079 622 1270 667 numina
1296 638 1389 667 non
1409 628 1519 671 suut

201 691 378 751 Magna
411 689 540 744 satis,
588 688 802 733 dubitem
848 687 974 734 haud
1011 687 1232 749 equidem
1270 688 1518 750 implorare

333 755 463 818 quod
492 770 686 817 usquam
715 761 822 800 est:
1424 761 1515 802 311

202 822 414 869 Flectere
439 822 476 867 si
502 837 683 883 nequeo
711 835 925 881 superos,
954 819 1227 866 Acheronta
1243 820 1464 866 movebo.

201 888 311 935 Non
339 887 532 935 dabitur
551 886 710 950 regnis
734 889 877 944 (esto)
901 886 1156 948 prohibere
1178 887 1372 943 Latinis,

202 958 363 1017 Atque
389 954 582 1001 immota
602 962 760 1000 manet
778 952 886 998 fatis
914 952 1105 999 Lavinia
1131 953 1333 1014 conjux:

201 1024 265 1068 At
287 1021 488 1077 trahere,
507 1029 650 1082 atque
676 1035 832 1066 moras
848 1018 992 1066 tantis
1007 1020 1120 1065 licet
1143 1019 1319 1066 addere
1340 1019 1485 1067 rebus
1505 1037 1521 1076 ;

201 1090 265 1134 At
290 1087 395 1134 licet
420 1087 670 1133 amborum
696 1086 905 1148 populos
933 1085 1212 1132 exscindere
1230 1102 1414 1148 regum.

201 1154 310 1201 Hac
335 1170 480 1216 gener
503 1162 651 1214 atque
677 1169 814 1199 socer
836 1158 1009 1199 coeant
1035 1152 1254 1199 mercede
1279 1169 1489 1199 suorum.

202 1221 441 1282 Sanguine
465 1220 681 1281 Trojano
705 1228 753 1266 et
778 1219 960 1266 Rutulo
985 1218 1228 1274 dotabere‚
1255 1218 1387 1282 virgo
1409 1238 1419 1275 ;

201 1289 264 1334 Et
290 1287 491 1334 Bellona
516 1294 675 1333 manet
700 1295 746 1332 te
774 1285 1012 1347 pronuba.
1052 1285 1160 1332 Nec
1186 1284 1294 1333 face
1332 1286 1522 1332 tautum

204 1354 377 1401 Cisseis
401 1369 649 1415 praegnans
671 1352 802 1415 ignes
827 1352 961 1398 enixa
980 1351 1174 1412 jugales
1196 1370 1208 1406 ;
1427 1358 1524 1401 320

204 1421 331 1476 Quin
357 1419 485 1466 idem
509 1419 682 1466 Veneri
706 1427 870 1480 partus
897 1434 1024 1474 suus,
1050 1426 1095 1464 et
1120 1417 1252 1464 Paris
1277 1418 1411 1475 alter,

204 1487 522 1549 Funestaeque
547 1485 720 1532 iterum
745 1484 956 1531 recidiva
976 1485 1023 1531 iu
1050 1485 1276 1546 Pergama
1300 1484 1456 1532 taedae.

271 1553 391 1600 Haec
417 1553 498 1599 ubi
523 1551 653 1598 dicta
678 1551 830 1607 dedit,
859 1560 1008 1598 terras
1034 1551 1271 1598 horrenda
1297 1552 1481 1615 petivit.

205 1618 488 1666 Luctificam
516 1619 707 1665 Allecto
731 1618 939 1664 dirarum
965 1618 1027 1664 ab
1041 1617 1156 1666 sede
1180 1634 1392 1665 sororum

205 1685 506 1748 Infernisque
532 1685 626 1732 ciet
653 1684 891 1739 tenebris;
931 1685 1008 1730 cui
1035 1683 1186 1731 tristia
1210 1684 1351 1740 bella,

205 1753 412 1815 Iraeque,
440 1750 739 1812 insidiaeque,
765 1759 812 1797 et
837 1750 1032 1797 crimina
1056 1751 1196 1797 noxia
1241 1722 1392 1798 cordi.

207 1819 329 1866 Odit
352 1828 399 1866 et
424 1818 524 1880 ipse
549 1827 685 1881 pater
713 1817 903 1873 Pluton,
924 1817 1068 1864 odere
1093 1833 1279 1866 sorores

204 1886 453 1933 Tartareae
478 1891 742 1930 monstrum
765 1900 776 1931 :
813 1892 882 1930 tot
903 1900 1002 1930 sese
1027 1884 1167 1931 vertit
1189 1884 1234 1930 in
1259 1901 1359 1940 ora,

205 1953 327 1999 Tam
354 1968 491 1998 saevae
517 1950 684 2007 facies,
711 1959 785 1997 tot
809 1951 1014 2013 pullulat
1037 1958 1139 1997 atra
1166 1951 1391 1998 colubris.

207 2020 366 2074 Quam
390 2020 518 2066 Juno
545 2017 614 2063 his
634 2018 765 2064 acuit
784 2017 953 2074 verbis,
980 2034 1036 2064 ae
1063 2018 1173 2064 talia
1193 2017 1318 2064 fatur
1340 2035 1350 2065 :
1427 2024 1524 2066 330

208 2086 349 2132 Hunc
365 2085 478 2130 mihi
500 2084 562 2131 da
578 2085 837 2146 proprium,
850 2084 979 2145 virgo
999 2091 1101 2131 sata
1116 2093 1276 2140 nocte,
1293 2084 1522 2139 laborem,

206 2152 345 2198 Hanc
372 2167 566 2213 operam
594 2168 605 2205 ;
632 2166 691 2197 ne
717 2160 882 2197 noster
907 2151 1078 2206 honos,
1105 2150 1367 2197 infractave
1384 2151 1524 2198 cedat

207 2219 350 2265 Fama
376 2218 518 2273 loc0;
559 2233 650 2263 neu
678 2217 926 2264 connubiis
950 2217 1129 2264 ambire
1154 2217 1377 2263 Latinum

206 2282 437 2331 AEneadae
456 2283 656 2346 possint,
684 2284 896 2331 Italosve
913 2284 1131 2330 obsidere
1158 2282 1287 2331 fines,

206 2351 285 2397 Tu
310 2358 446 2413 potes
461 2349 702 2396 unanimos
728 2365 907 2396 armare
932 2351 976 2396 in
1002 2350 1163 2412 praelia
1188 2350 1370 2405 fratres,

207 2420 371 2479 Atque
396 2416 517 2463 odiis
544 2431 730 2464 versare
755 2416 945 2464 domos:
969 2424 1020 2462 tu
1040 2417 1237 2465 verbera
1259 2415 1393 2463 tectis

209 2485 245 2532 F
251 2498 542 2547 unereasque
565 2481 737 2537 inferre
761 2482 922 2532 faces:
958 2482 1045 2530 tibi
1070 2483 1257 2531 uomina
1282 2482 1443 2543 mille2.
