1607 2700
241 81 335 122 ‘130
577 87 624 117 r.
668 87 913 122 vrssoiLti
960 89 1224 124 ΜΑ11οΝ15

238 209 529 272 Respiciunt,
558 211 731 257 clausae
757 211 962 259 tenebris
987 220 1034 256 et
1059 226 1248 256 carcere
1274 227 1422 259 caeco.

237 278 366 331 Quin
393 284 441 322 et
465 293 686 338 supremo
712 279 821 325 cum
849 277 1025 324 lumine
1051 279 1146 323 vita
1169 277 1376 339 reliquit,
1450 279 1555 342 [nes

234 344 346 390 Non
372 353 529 390 tamen
550 361 690 390 omne
718 346 889 390 malum
906 344 1098 400 miseris,
1116 360 1206 390 nec
1228 344 1440 391 funditus
1462 363 1557 391 om-

234 411 491 473 Corporeae
504 411 745 458 excedunt
761 418 948 474 pestes;
971 411 1258 472 penitusque
1275 427 1469 458 necesse
1485 423 1557 459 est

233 477 392 525 Multa
418 478 499 524 diu
527 487 754 524 concreta
781 477 932 523 modis
959 476 1215 523 inolescere
1241 477 1388 524 miris.

232 544 360 607 Ergo
387 553 666 592 exercentur
692 543 865 605 poenis,
894 552 1202 604 veterumque
1224 545 1452 591 malorum

233 611 484 673 Supplicia
509 611 801 671 expendunt.
828 610 948 656 Aliae
968 610 1243 671 panduntur
1261 611 1422 658 inanes
1459 620 1555 666 740

231 677 489 739 Suspensas
514 678 571 722 ad
602 685 765 723 ventos
787 693 798 722 ε
837 677 940 722 aliis
967 678 1056 722 sub
1082 677 1263 738 gurgite
1289 686 1423 724 vasto

234 743 471 790 Infectum
497 743 671 789 eluitur
697 744 869 800 scelus,
897 751 982 789 aut
1005 743 1218 789 exuritur
1242 744 1354 803 igni.
1400 745 1553 808 [plum

229 811 448 873 Quisque
473 827 599 865 suos,
627 811 852 871 patimur,
876 811 1064 855 Manes.
1136 810 1323 856 Exinde
1348 827 1431 872 per
1455 830 1554 857 am-

229 877 475 923 Mittimur
495 877 729 939 Elysium,
756 885 803 923 et
828 878 968 936 pauci
996 877 1106 922 laeta
1131 893 1246 922 arva
1271 886 1486 924 tenemus
1509 895 1519 924 ;

229 945 397 990 Donec
425 945 564 1005 longa
590 943 707 999 dies,
736 943 950 1005 perfecto
975 943 1200 1004 temporis
1227 944 1359 1000 orbe,

228 1011 512 1057 Concretam
540 1012 712 1057 exemit
736 1011 911 1065 labem,
939 1027 1208 1071 purumque
1233 1010 1424 1085 reliquit

227 1079 501 1124 AEthereum
530 1095 734 1131 sensum,
762 1086 909 1138 atque
934 1082 1064 1123 aurai
1090 1076 1388 1138 simplicis
1345 1095 1390 1123 ιι1
1396 1094 1518 1124 nem.

227 1145 327 1190 Has
348 1161 531 1200 omnes,
561 1145 642 1191 ubi
668 1145 794 1192 mille
819 1153 971 1190 rotam
997 1143 1186 1190 volvere
1213 1160 1299 1206 pei
1322 1160 1484 1200 annos,

225 1211 470 1256 Lethaeum
498 1211 557 1258 ad
583 1210 776 1257 fluvium
802 1214 932 1258 Deus
954 1218 1121 1257 evocat
1146 1211 1332 1272 agmine
1353 1228 1550 1273 magum

227 1278 422 1324 Scilicet
446 1278 744 1325 immemores
771 1294 941 1339 supera
969 1286 1021 1323 ut
1046 1293 1260 1323 convexa
1292 1278 1516 1333 revisant,

228 1345 408 1390 Rursus
435 1353 481 1390 et
499 1344 730 1406 incipiant
749 1345 795 1390 111
818 1360 1020 1405 corpora
1046 1344 1166 1389 velle
1192 1344 1380 1391 reverti.
1456 1352 1548 1399 751

229 1412 426 1457 Dixerat
453 1413 718 1465 Auchises;
758 1420 1039 1472 natumque,
1070 1409 1259 1473 unaque
1299 1411 1549 1473 Sibyllam,

225 1480 499 1526 Conventus
519 1478 665 1525 trahit
690 1479 733 1524 111
759 1478 942 1524 medios
962 1477 1248 1539 turbamque
1265 1487 1511 1524 sonantem
1535 1497 1547 1532 ;

226 1545 284 1591 Et
311 1546 547 1592 tumulum
574 1546 720 1608 capit,
751 1544 877 1590 unde
903 1561 1064 1589 omnes
1091 1545 1235 1605 longo
1256 1545 1419 1591 ordine
1439 1561 1552 1607 pos-

222 1613 463 1658 Adversos
489 1612 657 1672 legere,
685 1619 734 1657 et
759 1611 1030 1657 venientum
1053 1610 1240 1656 discere
1270 1611 1444 1658 vultus.
1468 1613 1551 1674 [sit

289 1680 432 1725 Nunc
457 1695 559 1740 age,
588 1678 881 1724 Dardaniam
924 1678 1107 1738 prolem
1134 1693 1243 1739 quae
1268 1677 1442 1726 deinde
1479 1696 1550 1725 se-

357 1754 536 1807 quatur

222 1812 407 1868 Gloria,
437 1812 520 1874 qui
546 1818 770 1858 maneant
793 1810 917 1856 Itala
942 1809 1003 1856 de
1029 1817 1167 1872 gente
1193 1818 1411 1871 nepotes,

225 1880 432 1925 lllustres
457 1878 653 1933 animas,
682 1885 991 1939 nostrumque
1011 1877 1056 1922 in
1084 1893 1255 1922 nomen
1279 1877 1444 1935 ituras,

223 1947 486 2008 Expediam
514 1945 674 2000 (lictis,
701 1952 748 1990 et
772 1951 820 1990 te
846 1952 928 1990 tua
952 1943 1053 1990 fata
1077 1943 1281 1990 docebo.

287 2014 388 2071 Ille,
416 2013 587 2059 vides?
625 2011 746 2073 pur-21
764 2009 956 2071 juvenis
977 2010 1058 2073 qui
1083 2010 1248 2056 nititur
1276 2010 1426 2066 hastfi,
1450 2010 1545 2066 760

221 2080 442 2126 Proxima
466 2086 594 2125 sorte
615 2086 744 2124 tenet
768 2077 889 2124 lucis
913 2078 1038 2133 loca,
1065 2077 1250 2139 primus
1275 2077 1335 2123 ad
1362 2093 1501 2124 auras

219 2146 468 2192 AEtliereas
496 2145 618 2191 Italo
655 2145 947 2191 commixtus
974 2144 1202 2206 sanguine
1229 2154 1391 2205 surget

221 2213 405 2269 Silvius,
431 2213 671 2258 Albanum
698 2227 888 2268 nomen,
911 2219 993 2258 tua
1013 2218 1236 2273 postuma
1256 2211 1442 2272 proles:

221 2281 376 2333 Quem
401 2279 485 2326 tibi
510 2280 729 2339 longaevo
749 2295 905 2325 serum
926 2277 1122 2324 Lavinia
1147 2277 1328 2337 conjux

219 2346 410 2393 Educet
433 2346 557 2392 silvis
578 2361 753 2406 regem,
780 2360 1044 2408 regumque
1071 2354 1313 2404 parentem
1337 2360 1348 2391 :

219 2413 359 2460 Unde
385 2429 530 2475 genus
558 2412 720 2474 Longa
742 2421 956 2459 nostrum
982 2410 1306 2457 dominabitur
1330 2410 1475 2457 Alba.

221 2480 468 2526 Proximus
489 2480 582 2535 ille,
609 2479 799 2536 ProcaS‚
826 2476 1053 2540 Trojanae
1079 2476 1221 2539 gloria
1242 2477 1409 2540 gentis,
