1586 2704
570 105 827 139 AENEIDOS
868 106 978 138 Lis.
1019 105 1098 138 xx.
1385 99 1479 141 355

180 218 372 281 Spicula
397 218 651 278 torquebat
677 218 822 279 Lycio
848 218 1079 280 Gortynia
1104 232 1250 263 cornu
1273 233 1286 269 ς

178 287 362 332 Aureus
388 300 445 330 ex
473 284 674 330 humeris
698 291 833 329 sonat
858 299 1013 339 arcus,
1042 293 1088 329 et
1112 299 1249 328 aurea
1272 280 1364 326 vati

179 350 404 404 Cassida;
443 356 538 394 tum
584 365 800 396 croceam
827 349 1222 411 chlamydemque
1248 347 1472 409 sinusque

310 425 553 474 crepantes

179 480 439 526 Carbaseos
462 479 588 526 fulvo
614 481 659 526 in
688 480 863 526 nodum
892 479 1144 541 collegerat
1171 495 1304 534 auro,

178 545 338 591 Pictus
363 561 449 591 acu
477 549 676 602 tunicas,
701 555 747 592 et
774 547 972 592 barbara
999 545 1204 606 tegmina
1237 561 1442 589 crurum.

176 611 316 657 Hunc
342 612 488 672 virgO,
515 613 609 658 sive
638 621 685 658 ut
715 613 898 674 templis
927 610 1185 672 praefigeret
1221 626 1347 655 urina

175 676 338 732 Troia,
360 679 550 739 captivo
576 679 671 723 sive
697 685 743 723 ut
772 695 818 723 se
847 678 987 723 ferret
1014 679 1057 722 in
1083 693 1198 722 auro

174 741 422 799 Venatrix‚
451 760 589 789 unum
616 761 670 790 ex
698 744 824 789 omni
850 746 1104 790 certamine
1132 757 1302 804 pugnae
1382 748 1478 795 780

175 808 319 854 Caeca
345 811 630 871 sequebatur
654 826 665 864 ;
703 818 949 869 totumque
974 810 1163 854 incauta
1188 824 1271 868 per
1289 823 1455 868 agmen

175 873 415 920 Foemineo
441 877 613 934 praedae
640 884 683 921 et
711 877 967 938 spoliorum
994 875 1192 921 ardebat
1218 889 1394 919 amore.

174 940 346 986 Teium
373 957 429 987 ex
453 941 631 988 insidiis
651 941 758 987 cuin
787 942 971 987 tandem
1000 951 1210 1001 tempore
1237 947 1382 1001 capto

176 1006 414 1061 Concitat,
441 1016 487 1053 et
515 1024 711 1070 superos
737 1010 916 1054 Arruns
942 1006 1007 1052 sic
1034 1023 1148 1052 voce
1172 1012 1421 1066 precatur:

174 1071 365 1117 Summe
393 1073 566 1128 Defim,
591 1074 737 1119 sancti
766 1083 927 1118 custos
953 1073 1162 1118 Soractis
1188 1070 1379 1132 Apollo,

173 1137 327 1191 Quem
368 1140 500 1199 primi
527 1139 740 1195 colimus,
764 1140 837 1185 cui
864 1140 1030 1200 pineus
1056 1139 1195 1184 ardor
1219 1152 1390 1183 acervo

174 1203 406 1260 Pascitur,
433 1213 479 1252 et
505 1206 708 1251 medium
738 1205 843 1251 freti
868 1205 1039 1268 pietate
1064 1221 1145 1265 per
1172 1204 1330 1263 ignem

175 1270 394 1316 Cultores
420 1272 566 1318 multa
591 1272 844 1334 premimus
872 1271 1064 1331 vestigia
1091 1275 1270 1332 pruni&

173 1336 268 1393 Da,
295 1345 448 1398 pater,
476 1338 567 1383 hoc
595 1338 766 1384 nostris
787 1337 971 1383 aboieri
997 1337 1208 1382 dedecus
1237 1336 1389 1390 ¹armis,

174 1403 505 1464 Omnipotens,
531 1404 639 1450 Non
667 1403 877 1457 exuvias,
903 1403 1112 1464 pnlsaeve
1133 1412 1362 1464 tropaeum
1383 1407 1478 1457 790

174 1468 399 1530 Virginis,
417 1479 497 1516 aut
518 1471 668 1531 spolia
695 1470 782 1515 ulia
809 1478 943 1530 μείω
967 1470 1082 1514 mihi
1109 1479 1267 1515 cetera
1292 1469 1475 1514 laudem

174 1534 318 1581 Facta
344 1535 491 1582 ferent
515 1555 526 1584 ε
569 1537 671 1582 haec.
697 1537 795 1581 dira
822 1552 925 1581 meo
946 1535 1056 1581 dum
1081 1535 1269 1580 vulnere
1296 1534 1438 1595 pestis

174 1599 316 1647 Pulsa
341 1602 496 1656 cadat,
520 1603 694 1664 patri-as
739 1602 956 1648 remeabo
981 1602 1204 1659 inglorius
1231 1602 1389 1646 urbes.

240 1666 421 1722 Audiit,
449 1678 493 1714 et
520 1669 616 1714 voti
644 1669 850 1714 Phoebus
879 1667 1132 1713 succedere
1153 1676 1330 1728 partem

176 1728 341 1779 Mente
368 1734 526 1788 dedit;
555 1745 736 1796 partem
763 1734 976 1780 volucres
993 1734 1222 1795 dispersit
1245 1734 1287 1777 in
1313 1747 1464 1779 auras.

175 1799 414 1847 Sterneret
436 1810 484 1846 ut
512 1798 664 1847 'subiti
690 1800 925 1847 turbatam
958 1810 1102 1845 morte
1128 1799 1391 1851 Camillam,

176 1866 356 1911 Annuit
383 1867 568 1920 oranti;
605 1865 826 1912 reducem
856 1874 906 1911 ut
932 1866 1084 1928 patri-<1
1110 1866 1199 1910 atta
1230 1866 1423 1919 videret,

176 1931 288 1978 Non
314 1931 471 1985 dedit;
509 1933 650 1993 inque
678 1933 832 1979 Notos
854 1947 1018 1977 vocem
1044 1932 1223 1978 vertere
1243 1929 1478 1989 procellae.

178 1995 324 2058 Ergo,
339 2006 389 2044 ut
410 1999 548 2043 missa
564 2015 701 2044 manu
716 1999 921 2044 sonitum
939 1998 1069 2044 dedit
1083 1999 1207 2043 hasta
1222 2013 1304 2058 pei·
1321 2012 1476 2051 auras,

179 2064 464 2110 Convertere
492 2064 671 2110 animos
697 2080 847 2120 acres,
881 2065 1141 2125 oculosque
1168 2065 1313 2110 tulere
1385 2068 1480 2110 800

178 2130 351 2177 Cuncti
372 2131 429 2176 ad
458 2132 667 2193 reginam
691 2130 863 2177 Volsci.
906 2130 1033 2176 Nihil
1056 2132 1155 2192 ipsa
1180 2146 1332 2190 neque
1351 2144 1478 2174 aurae

180 2196 284 2242 Nec
312 2197 496 2244 sonitus
523 2213 716 2251 memor,
738 2205 820 2243 aut
845 2198 1070 2242 venientis
1099 2197 1159 2242 ab
1186 2198 1358 2242 aetiiere
1378 2194 1477 2248 iem

180 2262 329 2308 Hasta
355 2264 440 2309 sub
464 2273 670 2310 exertam
699 2264 853 2310 donec
879 2264 1056 2322 perlata
1082 2262 1302 2325 papillam

181 2328 354 2384 Haesit,
381 2330 735 2391 virgineumque
760 2330 852 2376 alte
880 2329 1000 2375 bibit
1027 2339 1137 2376 acta
1162 2344 1392 2375 cruorem.

180 2394 484 2444 Concurrunt
511 2397 710 2460 trepidae
738 2395 955 2452 comites,
980 2394 1317 2457 dominamque
1341 2409 1481 2441 ruen-

310 2468 403 2508 tem
