1607 2700
546 94 807 127 AENEmos
851 92 961 126 Lm.
1005 96 1083 128 xx.
1375 86 1463 135 291

155 209 376 270 Ignar0s;
417 210 643 255 Rhoemm
660 211 927 270 vigilantem
944 218 988 255 et
1010 215 1186 255 cuncta
1203 206 1437 254 videntem
1456 224 1470 263 ;

156 277 249 321 Sed
290 291 506 337 magnum
535 284 749 321 metuens
775 294 825 323 se
852 283 964 338 post
987 282 1168 322 cratera
1194 273 1413 336 tegebat:

156 342 358 388 Pectore
383 343 426 387 in
454 340 655 388 adverso
680 349 831 388 totum
861 343 939 388 cui
964 340 1179 387 corninus
1206 356 1368 386 ensem

157 407 386 454 Condidit
411 410 694 463 assurgenti,
721 417 770 455 et
796 409 940 454 multa
967 415 1116 453 morte
1143 407 1339 467 recepit.
1403 406 1482 470 [ta-

157 474 446 535 Purpuream
462 474 604 519 vomit
619 474 695 520 ille
708 477 1106 530 ani1nam‚etcum
1124 473 1349 532 sanguiue
1367 473 1472 518 mis·

156 539 274 585 Vina
295 540 434 585 refert
458 543 687 587 moriens:
709 542 785 586 liic
808 540 934 587 furto
955 538 1163 586 fervidus
1184 538 1345 585 instat.
1373 545 1472 587 350

220 607 425 667 Jamque
446 606 504 650 ad
530 608 740 669 Messapi
763 608 917 653 socios
940 606 1188 661 tendebat,
1211 604 1290 650 ubi
1312 604 1470 666 ignem

157 670 380 718 Deficere.
405 681 687 728 extremum,
714 682 759 719 et
787 674 1013 735 religatos
1039 674 1126 718 rite
1153 671 1347 716 videbat

156 738 368 799 Carpere
387 754 580 799 gramen
601 756 782 801 equos:
819 741 1023 787 breviter
1040 739 1146 785 cum
1167 738 1278 783 talia
1305 736 1472 795 Nisus,

155 805 334 862 (Sensit
355 805 478 850 euim
506 805 650 850 nimia
677 806 808 852 caede
833 816 978 868 atque
1006 804 1234 866 cupidine
1263 802 1393 863 ferri)

156 870 476 926 Absistamus,
504 871 602 918 ait:
641 888 748 917 nam
776 873 854 918 lux
879 871 1069 917 inimica
1095 869 1404 932 propinquat.

156 935 407 982 Poenarum
423 938 704 983 exhaustum
721 939 832 984 satis
849 947 919 983 est
935 953 946 983 ε
964 937 1038 982 via
1050 936 1177 982 facta
1196 951 1278 995 per
1291 938 1469 983 hosteS.

156 1002 313 1048 Multa
341 1003 487 1050 virum
519 1003 674 1050 solido
701 1012 898 1065 argento
924 1003 1139 1064 perfecta
1165 1003 1439 1063 relinquunt

155 1069 417 1129 Armaque,
434 1078 738 1130 craterasque
756 1071 910 1124 simul,
924 1070 1253 1132 pulchrosque
1269 1077 1469 1127 tapetas.

156 1135 386 1198 Euryalus
412 1136 632 1195 phaleras
660 1137 955 1191 Rllanmeti5‚
984 1145 1031 1181 et
1056 1151 1197 1181 aurea
1226 1134 1363 1180 bullis

155 1201 374 1263 Cingula,
399 1202 592 1248 Tiburti
620 1203 817 1248 Remulo
844 1202 1107 1248 ditissimus
1137 1201 1246 1246 olim
1372 1199 1470 1250 360

156 1267 281 1320 Quae
308 1267 454 1314 mittit
479 1267 621 1323 dona,
649 1269 851 1329 hospitio
878 1272 984 1314 ciun
1001 1268 1228 1329 jungeret
1254 1267 1447 1325 absens,

155 1333 415 1387 Caedicus;
452 1334 527 1380 ille
556 1351 642 1380 suo
671 1338 872 1380 moriens
900 1335 982 1380 dat
1009 1336 1184 1381 habere
1211 1334 1376 1395 nepoti
1399 1351 1412 1387 ;

153 1398 270 1446 Post
297 1408 496 1446 mortem
526 1400 651 1446 bello
678 1402 841 1447 Rutuli
870 1400 1129 1463 pugnaque
1158 1401 1297 1461 potiti
1320 1416 1332 1452 ;
1357 1401 1468 1463 [tat.

155 1466 276 1513 Haec
292 1467 431 1528 rapit,
445 1478 587 1526 atque
606 1468 812 1512 humeris
831 1469 1152 1528 nequicquam
1170 1466 1371 1512 fortibus
1388 1482 1471 1529 ap·

154 1531 279 1579 Turn
305 1533 483 1594 galeam
505 1534 717 1595 Messapi
740 1534 945 1579 habilem
973 1533 1223 1594 cristisque
1244 1532 1466 1579 decoram

153 1598 333 1646 Induit.
409 1599 659 1645 Excedunt
685 1601 866 1655 castris,
893 1607 942 1645 et
965 1607 1066 1645 tuta
1093 1606 1371 1661 capessunt.

219 1666 405 1712 Interea
433 1665 659 1726 praemissi
684 1668 873 1728 equites
897 1683 954 1711 ex
978 1666 1094 1712 urbe
1119 1664 1306 1720 Latina,

154 1732 324 1778 Cetera
350 1732 458 1776 dum
487 1732 608 1793 legio
635 1733 818 1794 campis
846 1732 1077 1778 instructa
1105 1740 1333 1789 moratur,

152 1797 308 1855 Ibant,
337 1806 382 1844 et
409 1799 575 1844 Turno
603 1800 724 1860 regis
752 1814 982 1860 responsa
1008 1798 1242 1854 ferebant,
1370 1795 1470 1855 369

151 1863 461 1919 Tercentum,
488 1866 661 1911 scutati
688 1882 865 1921 omues,
893 1863 1145 1910 Volscente
1177 1864 1416 1926 magistro,

150 1930 1466 1993 JamquepropinquabantcastriS‚murosquesubibant;

153 1996 275 2044 cum
302 1999 473 2060 procul
499 1998 586 2042 lios
614 1999 732 2043 laevo
759 1997 1004 2044 flectentes
1033 1998 1180 2043 limite
1206 2006 1442 2051 cernunt;

152 2062 213 2108 Et
235 2065 369 2124 galea
397 2064 651 2125 Euryalum
680 2065 909 2110 sublustri
936 2064 1090 2109 noctis
1116 2065 1158 2109 iu
1187 2063 1356 2109 umbra

153 2129 372 2177 Prodidit
397 2129 743 2185 immemorem,
771 2131 1006 2191 radiisque
1043 2130 1240 2176 adversa
1266 2129 1463 2177 refulsit,

152 2193 295 2242 Haud
323 2205 496 2242 temere
521 2206 594 2243 est
621 2197 792 2243 visum.
863 2196 1144 2242 Conclamat
1180 2198 1242 2243 ab
1279 2196 1465 2257 agmine

286 2263 514 2308 Volscens
537 2279 549 2316 ;

152 2326 305 2383 State,
323 2329 410 2375 viri
431 2344 443 2381 3
470 2346 577 2391 quae
603 2345 749 2375 causa
773 2329 900 2375 viae'!
927 2329 1068 2391 quive
1085 2330 1200 2377 estis
1220 2331 1263 2377 in
1288 2329 1466 2377 armis?

152 2392 327 2447 Quove
352 2398 519 2442 tenetis
543 2396 669 2442 iter?
711 2395 839 2441 Nihil
864 2396 926 2440 illi
956 2397 1148 2443 tendere
1173 2398 1373 2450 contra:

152 2458 250 2506 Sed
278 2460 480 2507 celerare
504 2460 667 2525 fugam
694 2462 738 2507 iu
765 2462 919 2516 silvas,
944 2471 989 2508 et
1016 2463 1164 2509 fidere
1193 2464 1341 2510 nocti.
