1586 2704
566 97 829 132 AEnmnos
865 99 980 133 mn.
1015 99 1123 134 xix.
1403 90 1497 146 369

187 214 294 263 Nec
318 232 422 264 sese
448 217 607 262 AEneae
622 212 831 275 jactavit
854 212 1044 259 vulnere
1069 213 1343 279 quisquam.

251 282 446 330 Turnus
473 289 525 329 ut
551 282 744 327 AEneam
764 279 1014 326 cedentem
1041 296 1099 326 ex
1124 282 1312 342 agmine
1338 283 1474 330 vidit-

182 350 527 411 Turbatosque
552 348 716 403 duces,
745 346 904 392 subit-a
927 362 1011 408 spe
1038 347 1247 395 fervidus
1272 351 1436 397 ardet:

184 416 348 463 Poscit
368 433 518 478 equos
538 424 682 477 atque
701 429 830 461 arma
848 412 1002 469 simul,
1023 415 1239 476 saltuque
1258 419 1497 478 superbus

185 483 377 529 Emicat
399 482 443 528 in
469 499 677 537 currum,
703 490 751 528 et
778 479 992 526 manibus
1019 480 1210 527 molitur
1235 483 1463 532 habenas.

184 550 341 596 Multa
367 550 516 596 virum
546 550 742 596 volitans
766 548 852 594 dat
871 545 1012 593 fortia
1036 563 1240 608 corpora
1265 550 1360 596 leto
1382 568 1393 598 :

183 615 454 662 Semineces
477 616 627 662 volvit
650 616 841 668 multos,
869 621 951 658 aut
976 615 1162 675 agmina
1189 632 1329 662 curru

182 682 406 739 Proterit‚
424 691 504 729 aut
522 692 685 746 raptas
707 680 998 745 fugientibus
1017 682 1184 742 ingerit
1201 683 1376 730 hastas,
1397 691 1494 732 330

181 749 347 802 Qualis
373 749 500 810 apud
523 750 665 810 gelidi
685 749 795 796 cum
824 747 1022 794 flumina
1045 749 1260 794 concitus
1288 751 1437 796 Hebri

180 815 477 877 Sanguineus
498 818 690 863 Mavors
709 814 1265 879 clypeoincrepatatque
1281 816 1492 864 furentes

180 882 314 929 Bella
341 900 535 930 movens
562 884 773 930 immittit
799 897 973 944 equos:
1019 882 1083 926 illi
1110 899 1299 944 aequore
1325 893 1492 944 aperto

179 950 304 995 Ante
333 951 488 997 Notos
515 951 886 1014 Zephyrumque
911 948 1099 994 volant:
1136 949 1282 1011 gemit
1324 951 1492 997 ultima

312 1017 459 1079 pulsu

173 1081 363 1129 Thraca
391 1083 598 1146 pedum;
637 1081 920 1144 circumque
943 1087 1058 1127 atrae
1083 1082 1367 1130 Formidinis
1387 1100 1487 1141 ora,

175 1147 378 1211 Iraeque,
402 1149 704 1212 Insidiaeque,
730 1149 816 1194 Dei
836 1148 1112 1204 comitatus,
1137 1159 1356 1209 aguntur.

175 1215 314 1262 Talis
339 1233 491 1278 equos
517 1217 676 1263 alacer
702 1216 860 1262 media
886 1217 1005 1261 inter
1023 1217 1186 1276 przelia
1210 1218 1402 1263 Turnus

180 1282 436 1329 Fumantes
461 1283 632 1329 sudore
660 1283 832 1345 quatit,
855 1282 1126 1336 miserabile
1153 1285 1288 1330 caesis

176 1348 414 1396 Hostibus
438 1350 663 1396 insultans
687 1368 697 1404 ;
737 1350 917 1412 spargit
946 1348 1106 1409 rapida
1130 1351 1303 1413 ungula
1322 1367 1453 1399 rores

175 1416 489 1478 Sanguiueos,
518 1418 756 1478 mixtaque
783 1433 922 1463 cruor
941 1416 1155 1462 calcatur
1179 1418 1338 1464 arena.
1390 1425 1487 1466 340

173 1483 377 1545 Jamque
399 1485 500 1530 neci
517 1483 895 1546 Sthenelumque
915 1481 1067 1539 dedit,
1091 1485 1485 1548 Thamyrimque,

310 1550 628 1613 Pholumque,
1321 1553 1485 1615 [ambo

144 1663 156 1672 ,
173 1615 318 1662 Hunc
336 1632 639 1680 congressus,
662 1625 708 1663 et
725 1618 880 1671 hunc;
907 1616 1038 1662 illum
1061 1617 1271 1672 eminus;
1296 1620 1485 1666 eminus

171 1682 484 1738 Imbrasidas;
514 1685 756 1731 Glaucum
776 1692 922 1748 atque
942 1682 1138 1741 Ladem,
1162 1700 1282 1747 quos
1302 1687 1483 1733 Imbra-

304 1766 384 1797 sus
410 1767 512 1813 ipse

169 1816 416 1864 Nutrierat
442 1817 607 1880 Lycia,
633 1818 924 1879 paribusque
950 1825 1204 1865 ornaverat
1226 1819 1388 1875 armis,

168 1884 256 1930 Vel
280 1883 500 1931 conferre
527 1901 733 1941 manum,
761 1886 833 1931 vel
852 1902 977 1946 equo
994 1894 1279 1948 praevertere
1300 1894 1478 1934 ventos.

234 1951 379 2008 Parte,
399 1952 510 2007 alifi,
538 1951 695 1998 media
722 1952 961 1998 Eumedes
988 1954 1032 1998 in
1062 1952 1223 2014 praelia
1249 1952 1414 2009 fertur,

168 2017 367 2078 Antiqui
394 2019 549 2079 proles
578 2018 701 2064 bello
728 2020 953 2079 praeclara
980 2020 1196 2075 Dolonis,

167 2084 372 2131 Nomine
387 2101 526 2131 avum
546 2085 770 2142 referens,
798 2087 954 2132 animo
975 2087 1289 2149 manibusque
1311 2102 1480 2148 paren·

299 2159 392 2198 tem
417 2169 427 2199 :

169 2217 264 2272 Qui
278 2218 704 2280 quondam,castra
718 2226 767 2264 ut
782 2217 1001 2266 Danaum
1021 2220 1476 2281 speculatoradiret‚

168 2286 327 2332 Ausus
347 2285 522 2332 Pelidae
548 2286 749 2348 pretium
768 2286 859 2332 sibi
886 2302 1086 2348 poscere
1113 2303 1296 2334 currus.
1380 2293 1477 2335 350

101 2406 104 2407 ⁷
166 2348 308 2398 lllum
327 2351 546 2415 Tydides
565 2354 658 2399 alio
684 2369 767 2415 pro
794 2354 970 2400 talibus
989 2353 1112 2400 ausis

165 2417 341 2464 Affecit
367 2419 546 2480 pretio;
584 2437 670 2466 nee
696 2421 832 2482 equis
857 2421 1034 2483 aspirat
1060 2420 1276 2467 Achillis.

167 2484 310 2532 nuuc
334 2486 503 2547 procul
529 2494 582 2533 ut
604 2503 776 2549 campo
801 2487 995 2534 Turnus
1028 2488 1270 2551 prospexit
1291 2494 1472 2550 aperto,

166 2552 292 2598 Ante
318 2551 407 2599 levi
424 2551 591 2613 jaculo
617 2555 811 2617 longum
836 2570 922 2615 per
940 2555 1078 2602 inane
1104 2563 1316 2611 secutus,
