1607 2700
169 83 259 132 136
487 95 536 129 P.
575 93 823 130 VIRGILH
868 95 908 128 M
923 93 1131 130 Anoms

162 212 457 277 Jampridem
479 213 658 263 invisus
686 215 820 262 Divis
847 223 895 261 et
920 215 1093 261 inutilis
1119 230 1268 261 annos

164 283 426 337 Demor0r;
448 298 505 327 ex
518 298 615 344 quo
629 299 702 328 me
719 282 894 328 Dix‘fim
915 290 1048 344 pater
1063 291 1205 345 atque
1220 279 1463 327 hominum

165 347 389 395 Fulminis
412 348 587 396 afflavit
614 350 778 405 ventiS,
807 357 854 395 et
881 348 1082 410 contigit
1107 349 1218 410 igni.
1360 347 1466 408 [rex

162 415 301 461 Talia
319 416 560 477 perstabat
578 431 858 470 memorans,
881 414 1098 476 fixusque
1115 414 1351 461 manebat.
1370 410 1466 461 650

163 482 265 528 Nos
289 482 456 529 contra
480 482 617 528 effusi
641 481 876 543 lacrymiS,
905 481 1178 544 conjuxque
1205 481 1396 538 Creiisa,

163 549 515 610 Ascaniusque,
539 549 790 610 omnisque
808 546 996 602 domus,
1026 563 1082 593 ne
1109 555 1288 594 vertere
1306 562 1465 592 secum

163 615 351 662 Cuncta
376 623 527 677 pater,
550 614 747 676 fatoque
769 613 953 675 urgenti
979 613 1256 660 incumbere
1275 613 1431 659 vellet.

160 681 402 743 Abnegat,
429 681 722 743 inceptoque
738 689 784 727 et
806 679 999 725 sedibus
1027 679 1174 727 haeret
1193 681 1239 726 in
1258 679 1430 726 isdem.

225 749 409 795 Rursus
452 748 498 793 in
535 764 664 794 arma
688 746 830 803 feror,
858 754 1156 809 mortemque
1181 746 1464 793 miserrimus

292 824 426 877 opto.
1497 812 1504 819 ’

157 881 284 928 Nam
309 880 441 944 quod
467 881 736 938 consilium,
761 892 843 930 aut
863 882 1083 946 quaejam
1105 879 1297 926 fortuna
1317 877 1465 925 daba-

157 948 303 995 Mene
319 948 480 995 efferre
497 949 685 1010 pedem,
706 949 903 1010 genitor,
931 960 976 997 te
998 964 1133 1012 posse
1154 946 1321 993 relicto
1339 944 1466 1009 [turi

158 1015 373 1077 Sperasti
395 1015 414 1061 ’ξ
441 1023 724 1077 tantumque
750 1017 883 1063 nefas
905 1017 1059 1078 patrio
1086 1013 1265 1061 excidit
1290 1013 1410 1059 ore'l

158 1080 210 1126 Si
235 1081 350 1128 nihil
374 1099 431 1128 ex
454 1082 585 1128 tanta
608 1082 791 1144 superis
810 1084 967 1145 placet
993 1083 1108 1130 urbe
1135 1079 1352 1142 relinqui,

158 1147 218 1194 Et
258 1148 393 1196 sedet
434 1148 525 1194 hoc
550 1148 726 1204 animo,
754 1151 1074 1212 perituraeque
1100 1148 1277 1194 addere
1301 1143 1465 1205 Trojae

155 1213 325 1277 Teque
351 1224 558 1276 tuosque
575 1214 748 1276 juvat3
775 1225 909 1278 patet
933 1216 1174 1278 istijauua
1195 1215 1306 1261 leto.
1366 1210 1460 1261 661

156 1281 361 1344 Jamque
382 1281 535 1328 aderit
554 1283 702 1328 multo
720 1283 970 1329 Priamide
991 1284 1217 1345 sanguine
1237 1279 1463 1343 PyrrhuS‚

157 1348 339 1394 Natum
366 1357 477 1396 ante.
514 1365 598 1395 ora
622 1349 785 1411 patris,
813 1358 993 1411 patrem
1016 1350 1096 1412 qui
1122 1349 1380 1395 obtruncat
1404 1343 1462 1391 ad

221 1431 341 1462 aras.

157 1481 267 1528 Hoc
288 1489 403 1538 erat,
422 1482 543 1528 alma
556 1498 740 1545 parens,
761 1482 893 1546 quod
913 1500 983 1528 me
1002 1481 1299 1544 pertela,per
1314 1479 1462 1541 ignes,

156 1549 354 1611 Eripis?
383 1558 433 1596 ut
469 1549 639 1595 mediis
668 1550 852 1596 hostem
882 1550 926 1595 in
949 1548 1287 1611 penetralibus,
1315 1555 1464 1607 utque

155 1615 528 1678 Ascaniumque,
557 1623 838 1679 patremque
859 1614 1284 1677 meum,juxtaque
1311 1612 1463 1659 Creii-

223 1698 335 1739 sam,

157 1749 373 1796 Alterum
400 1748 444 1795 iu
469 1748 658 1795 alterius
684 1756 916 1796 mactatos
941 1747 1168 1810 sanguine
1192 1761 1384 1796 cernam
1408 1745 1429 1792 ἒ

157 1818 319 1873 Arma,
359 1816 460 1872 viri,
500 1817 618 1863 ferte
645 1833 803 1863 arma:
833 1823 974 1863 vocat
996 1815 1077 1861 lux
1107 1814 1272 1860 ultima
1293 1813 1459 1858 victos.

156 1882 363 1930 Reddite
384 1900 459 1930 me
479 1882 656 1929 Danais
675 1900 685 1938 ;
713 1882 850 1929 sinite
868 1884 1130 1930 instaurata
1148 1880 1342 1927 revisam
1363 1879 1460 1935 669

158 1949 355 1998 Praelia:
395 1966 639 2011 nunquam
667 1966 832 1996 omnes
859 1950 1001 1996 hodie
1027 1948 1280 1995 moriemur
1305 1946 1459 1991 inulti.

225 2018 318 2063 Hic
333 2017 457 2064 ferro
474 2017 701 2078 accingor
720 2033 879 2063 rursus
902 2035 913 2073 ;
943 2016 1208 2078 clypeoque
1230 2012 1458 2059 sinistram

157 2082 455 2130 Insertabam
480 2092 667 2146 aptans,
697 2099 866 2146 meque
891 2092 1023 2129 extra
1041 2090 1170 2128 tecta
1194 2079 1424 2126 ferebam.

158 2149 289 2196 Ecce
314 2159 472 2197 autem
499 2150 746 2212 complexa
769 2150 917 2213 pedes
939 2150 985 2195 in
1007 2148 1167 2194 limine
1193 2145 1371 2207 conjux

156 2215 401 2274 Haerebat,
429 2234 726 2280 parvumque
744 2217 868 2280 patri
891 2215 1122 2263 tendebat
1145 2211 1324 2259 hilum:

157 2282 203 2327 Si
225 2283 464 2346 periturus
485 2284 603 2340 abis,
631 2293 680 2331 et
705 2301 788 2330 nos
817 2301 930 2347 rape
956 2283 1002 2328 in
1028 2281 1190 2327 onmia
1215 2289 1373 2326 tecum
1395 2295 1406 2325 t

156 2349 236 2396 Sin
262 2350 467 2413 aliquam
486 2359 713 2413 expertus
732 2352 902 2397 sumtis
920 2365 1054 2412 spem
1071 2347 1208 2411 ponis
1229 2346 1275 2392 in
1301 2347 1458 2401 armis,

156 2415 292 2464 Hanc
317 2417 528 2481 primum
554 2426 706 2464 tutare
724 2418 937 2464 domum.
1008 2415 1098 2463 Cui
1120 2430 1293 2478 parvus
1311 2413 1456 2467 Iulus,

157 2484 244 2530 Cui
258 2493 407 2546 pater,
425 2492 473 2531 et
484 2484 664 2546 conjux
680 2484 922 2546 quondam
935 2492 1016 2530 tua
1026 2482 1174 2538 dicta,
1187 2480 1459 2542 relinquor?

218 2550 356 2599 Talia
373 2550 657 2608 vociferans,
678 2552 1047 2613 gemitutectum
1064 2564 1202 2596 omne
1213 2548 1428 2611 replebat
1443 2562 1457 2601 3
