<?xml version="1.0" encoding="UTF-8"?>
<!DOCTYPE html PUBLIC "-//W3C//DTD XHTML 1.0 Transitional//EN"
    "http://www.w3.org/TR/xhtml1/DTD/xhtml1-transitional.dtd">
<html xmlns="http://www.w3.org/1999/xhtml" xml:lang="en" lang="en">
 <head>
  <title>
</title>
<meta http-equiv="Content-Type" content="text/html;charset=utf-8" />
  <meta name='ocr-system' content='tesseract 3.04.00' />
  <meta name='ocr-capabilities' content='ocr_page ocr_carea ocr_par ocr_line ocrx_word'/>
</head>
<body>
  <div class='ocr_page' id='page_1' title='image "./operaadfidemopti00virguoft/operaadfidemopti00virguoft_0159.png"; bbox 0 0 1607 2700; ppageno 0'>
   <div class='ocr_carea' id='block_1_1' title="bbox 548 71 1472 110">
    <p class='ocr_par' dir='ltr' id='par_1_1' title="bbox 548 71 1472 110">
     <span class='ocr_line' id='line_1_1' title="bbox 548 71 1472 110; baseline 0.004 -4"><span class='ocrx_word' id='word_1_1' title='bbox 548 74 811 107; x_wconf 79' lang='lat' dir='ltr'>AENEIDOS</span> <span class='ocrx_word' id='word_1_2' title='bbox 840 73 949 108; x_wconf 84' lang='lat' dir='ltr'><strong>LIB.</strong></span> <span class='ocrx_word' id='word_1_3' title='bbox 991 75 1080 110; x_wconf 90' lang='lat'>111.</span> <span class='ocrx_word' id='word_1_4' title='bbox 1384 71 1472 110; x_wconf 81' lang='grc'>155</span> 
     </span>
    </p>
   </div>
   <div class='ocr_carea' id='block_1_2' title="bbox 148 193 1473 1190">
    <p class='ocr_par' dir='ltr' id='par_1_2' title="bbox 149 193 1472 323">
     <span class='ocr_line' id='line_1_2' title="bbox 150 193 1472 254; baseline 0.003 -13"><span class='ocrx_word' id='word_1_5' title='bbox 150 195 231 241; x_wconf 78' lang='lat' dir='ltr'>Sic</span> <span class='ocrx_word' id='word_1_6' title='bbox 257 197 438 248; x_wconf 75' lang='lat' dir='ltr'>oculos,</span> <span class='ocrx_word' id='word_1_7' title='bbox 477 193 545 239; x_wconf 91' lang='lat' dir='ltr'>sic</span> <span class='ocrx_word' id='word_1_8' title='bbox 571 194 648 240; x_wconf 89' lang='lat' dir='ltr'>ille</span> <span class='ocrx_word' id='word_1_9' title='bbox 675 209 862 249; x_wconf 82' lang='lat' dir='ltr'>manus,</span> <span class='ocrx_word' id='word_1_10' title='bbox 890 194 955 240; x_wconf 88' lang='lat' dir='ltr'>sic</span> <span class='ocrx_word' id='word_1_11' title='bbox 981 212 1061 242; x_wconf 88' lang='lat' dir='ltr'>ora</span> <span class='ocrx_word' id='word_1_12' title='bbox 1087 195 1301 244; x_wconf 82' lang='lat' dir='ltr'>ferebat:</span> <span class='ocrx_word' id='word_1_13' title='bbox 1373 206 1472 254; x_wconf 75' lang='lat'>490</span> 
     </span>
     <span class='ocr_line' id='line_1_3' title="bbox 149 259 1204 323; baseline 0.002 -16"><span class='ocrx_word' id='word_1_14' title='bbox 149 262 213 308; x_wconf 80' lang='lat' dir='ltr'>Et</span> <span class='ocrx_word' id='word_1_15' title='bbox 237 278 365 308; x_wconf 85' lang='lat' dir='ltr'>nunc</span> <span class='ocrx_word' id='word_1_16' title='bbox 391 259 565 320; x_wconf 87' lang='lat' dir='ltr'>aequali</span> <span class='ocrx_word' id='word_1_17' title='bbox 587 267 747 306; x_wconf 89' lang='lat' dir='ltr'>tecum</span> <span class='ocrx_word' id='word_1_18' title='bbox 774 261 1064 323; x_wconf 80' lang='lat' dir='ltr'>pubesceret</span> <span class='ocrx_word' id='word_1_19' title='bbox 1084 279 1204 310; x_wconf 83' lang='lat' dir='ltr'><strong>aev0.</strong></span> 
     </span>
    </p>

    <p class='ocr_par' dir='ltr' id='par_1_3' title="bbox 148 325 1473 1190">
     <span class='ocr_line' id='line_1_4' title="bbox 221 325 1436 390; baseline 0.002 -15"><span class='ocrx_word' id='word_1_20' title='bbox 221 330 322 375; x_wconf 85' lang='lat' dir='ltr'>Hos</span> <span class='ocrx_word' id='word_1_21' title='bbox 345 342 437 387; x_wconf 81' lang='lat' dir='ltr'>ego</span> <span class='ocrx_word' id='word_1_22' title='bbox 458 325 732 389; x_wconf 84' lang='lat' dir='ltr'><strong>digrediens</strong></span> <span class='ocrx_word' id='word_1_23' title='bbox 758 326 979 390; x_wconf 76' lang='lat' dir='ltr'>lacrymis</span> <span class='ocrx_word' id='word_1_24' title='bbox 1004 327 1191 375; x_wconf 82' lang='lat' dir='ltr'>affabar</span> <span class='ocrx_word' id='word_1_25' title='bbox 1217 330 1401 377; x_wconf 84' lang='lat' dir='ltr'>obortis</span> <span class='ocrx_word' id='word_1_26' title='bbox 1425 347 1436 377; x_wconf 90' lang='lat'>:</span> 
     </span>
     <span class='ocr_line' id='line_1_5' title="bbox 151 393 1242 455; baseline 0.003 -17"><span class='ocrx_word' id='word_1_27' title='bbox 151 394 308 441; x_wconf 87' lang='lat' dir='ltr'>Vivite</span> <span class='ocrx_word' id='word_1_28' title='bbox 332 393 510 448; x_wconf 84' lang='lat' dir='ltr'>felices,</span> <span class='ocrx_word' id='word_1_29' title='bbox 533 393 709 455; x_wconf 88' lang='lat' dir='ltr'>quibus</span> <span class='ocrx_word' id='word_1_30' title='bbox 733 401 805 439; x_wconf 86' lang='lat' dir='ltr'>est</span> <span class='ocrx_word' id='word_1_31' title='bbox 825 393 1021 440; x_wconf 86' lang='lat' dir='ltr'>fortuna</span> <span class='ocrx_word' id='word_1_32' title='bbox 1042 405 1242 455; x_wconf 83' lang='lat' dir='ltr'>peracta</span> 
     </span>
     <span class='ocr_line' id='line_1_6' title="bbox 149 460 1304 508; baseline 0.001 -1"><span class='ocrx_word' id='word_1_33' title='bbox 149 462 256 508; x_wconf 89' lang='lat' dir='ltr'>Jam</span> <span class='ocrx_word' id='word_1_34' title='bbox 283 476 394 506; x_wconf 83' lang='lat' dir='ltr'>sua:</span> <span class='ocrx_word' id='word_1_35' title='bbox 434 475 521 506; x_wconf 91' lang='lat' dir='ltr'>nos</span> <span class='ocrx_word' id='word_1_36' title='bbox 543 460 638 506; x_wconf 72' lang='lat' dir='ltr'>alia</span> <span class='ocrx_word' id='word_1_37' title='bbox 655 476 713 506; x_wconf 85' lang='lat' dir='ltr'>ex</span> <span class='ocrx_word' id='word_1_38' title='bbox 738 460 840 506; x_wconf 88' lang='lat' dir='ltr'>aliis</span> <span class='ocrx_word' id='word_1_39' title='bbox 867 460 912 506; x_wconf 93' lang='lat' dir='ltr'>in</span> <span class='ocrx_word' id='word_1_40' title='bbox 937 460 1032 508; x_wconf 83' lang='lat' dir='ltr'>fata</span> <span class='ocrx_word' id='word_1_41' title='bbox 1059 476 1304 508; x_wconf 84' lang='lat' dir='ltr'><strong>vocamur.</strong></span> 
     </span>
     <span class='ocr_line' id='line_1_7' title="bbox 152 526 1468 589; baseline 0.002 -18"><span class='ocrx_word' id='word_1_42' title='bbox 152 527 303 572; x_wconf 83' lang='lat' dir='ltr'>Vobis</span> <span class='ocrx_word' id='word_1_43' title='bbox 320 536 456 589; x_wconf 86' lang='lat' dir='ltr'>parta</span> <span class='ocrx_word' id='word_1_44' title='bbox 478 527 636 587; x_wconf 90' lang='lat' dir='ltr'>quies;</span> <span class='ocrx_word' id='word_1_45' title='bbox 660 526 840 572; x_wconf 89' lang='lat' dir='ltr'>nullum</span> <span class='ocrx_word' id='word_1_46' title='bbox 860 527 1004 573; x_wconf 90' lang='lat' dir='ltr'>maris</span> <span class='ocrx_word' id='word_1_47' title='bbox 1025 543 1193 589; x_wconf 84' lang='lat' dir='ltr'>aequor</span> <span class='ocrx_word' id='word_1_48' title='bbox 1213 527 1468 583; x_wconf 76' lang='lat' dir='ltr'>arandum:</span> 
     </span>
     <span class='ocr_line' id='line_1_8' title="bbox 149 593 1327 655; baseline 0 -16"><span class='ocrx_word' id='word_1_49' title='bbox 149 597 280 639; x_wconf 80' lang='lat' dir='ltr'>Arva</span> <span class='ocrx_word' id='word_1_50' title='bbox 306 609 461 655; x_wconf 89' lang='lat' dir='ltr'>neque</span> <span class='ocrx_word' id='word_1_51' title='bbox 487 594 710 639; x_wconf 81' lang='lat' dir='ltr'>Ausoniae</span> <span class='ocrx_word' id='word_1_52' title='bbox 736 610 926 655; x_wconf 79' lang='lat' dir='ltr'><strong>semper</strong></span> <span class='ocrx_word' id='word_1_53' title='bbox 950 593 1174 640; x_wconf 83' lang='lat' dir='ltr'>cedentia</span> <span class='ocrx_word' id='word_1_54' title='bbox 1198 602 1327 640; x_wconf 86' lang='lat' dir='ltr'>retro</span> 
     </span>
     <span class='ocr_line' id='line_1_9' title="bbox 151 659 1469 722; baseline -0.001 -17"><span class='ocrx_word' id='word_1_55' title='bbox 151 660 442 714; x_wconf 70' lang='lat' dir='ltr'>Quaerenda.</span> <span class='ocrx_word' id='word_1_56' title='bbox 503 659 719 720; x_wconf 71' lang='lat' dir='ltr'>Effigiem</span> <span class='ocrx_word' id='word_1_57' title='bbox 738 661 933 716; x_wconf 80' lang='lat' dir='ltr'>Xanthi,</span> <span class='ocrx_word' id='word_1_58' title='bbox 956 661 1257 722; x_wconf 84' lang='lat' dir='ltr'>Trojamque</span> <span class='ocrx_word' id='word_1_59' title='bbox 1280 660 1469 715; x_wconf 83' lang='lat' dir='ltr'>videtis,</span> 
     </span>
     <span class='ocr_line' id='line_1_10' title="bbox 151 726 1402 788; baseline 0.001 -16"><span class='ocrx_word' id='word_1_60' title='bbox 151 727 306 780; x_wconf 85' lang='lat' dir='ltr'>Quam</span> <span class='ocrx_word' id='word_1_61' title='bbox 334 735 501 773; x_wconf 83' lang='lat' dir='ltr'>vestrae</span> <span class='ocrx_word' id='word_1_62' title='bbox 527 726 684 773; x_wconf 82' lang='lat' dir='ltr'>fecere</span> <span class='ocrx_word' id='word_1_63' title='bbox 712 743 906 781; x_wconf 88' lang='lat' dir='ltr'>manus;</span> <span class='ocrx_word' id='word_1_64' title='bbox 945 727 1244 784; x_wconf 79' lang='lat' dir='ltr'>melioribus,</span> <span class='ocrx_word' id='word_1_65' title='bbox 1273 737 1402 788; x_wconf 79' lang='lat' dir='ltr'>opto,</span> 
     </span>
     <span class='ocr_line' id='line_1_11' title="bbox 149 793 1337 856; baseline 0 -16"><span class='ocrx_word' id='word_1_66' title='bbox 149 794 413 856; x_wconf 82' lang='lat' dir='ltr'>Auspiciis,</span> <span class='ocrx_word' id='word_1_67' title='bbox 440 804 489 841; x_wconf 86' lang='lat' dir='ltr'>et</span> <span class='ocrx_word' id='word_1_68' title='bbox 514 810 621 854; x_wconf 68' lang='lat' dir='ltr'>quae</span> <span class='ocrx_word' id='word_1_69' title='bbox 647 793 789 840; x_wconf 84' lang='lat' dir='ltr'>fuerit</span> <span class='ocrx_word' id='word_1_70' title='bbox 810 794 966 840; x_wconf 73' lang='lat' dir='ltr'>miuus</span> <span class='ocrx_word' id='word_1_71' title='bbox 993 794 1133 839; x_wconf 87' lang='lat' dir='ltr'>obvia</span> <span class='ocrx_word' id='word_1_72' title='bbox 1159 794 1337 841; x_wconf 76' lang='lat' dir='ltr'>Graiis.</span> 
     </span>
     <span class='ocr_line' id='line_1_12' title="bbox 150 860 1473 922; baseline -0.001 -16"><span class='ocrx_word' id='word_1_73' title='bbox 150 860 200 906; x_wconf 92' lang='lat' dir='ltr'>Si</span> <span class='ocrx_word' id='word_1_74' title='bbox 230 862 427 922; x_wconf 84' lang='lat' dir='ltr'>quando</span> <span class='ocrx_word' id='word_1_75' title='bbox 450 860 652 922; x_wconf 66' lang='lat' dir='ltr'>Tybrim</span> <span class='ocrx_word' id='word_1_76' title='bbox 679 861 930 922; x_wconf 86' lang='lat' dir='ltr'>vicinaque</span> <span class='ocrx_word' id='word_1_77' title='bbox 947 860 1178 922; x_wconf 65' lang='lat' dir='ltr'>Tybridis</span> <span class='ocrx_word' id='word_1_78' title='bbox 1195 877 1307 906; x_wconf 84' lang='lat' dir='ltr'>arva</span> <span class='ocrx_word' id='word_1_79' title='bbox 1377 867 1473 908; x_wconf 75' lang='lat'>500</span> 
     </span>
     <span class='ocr_line' id='line_1_13' title="bbox 149 927 1338 989; baseline 0 -17"><span class='ocrx_word' id='word_1_80' title='bbox 149 927 350 984; x_wconf 65' lang='lat' dir='ltr'>lntriiro,</span> <span class='ocrx_word' id='word_1_81' title='bbox 390 928 612 989; x_wconf 83' lang='lat' dir='ltr'>gentique</span> <span class='ocrx_word' id='word_1_82' title='bbox 638 944 758 974; x_wconf 83' lang='lat' dir='ltr'>meae</span> <span class='ocrx_word' id='word_1_83' title='bbox 779 928 894 973; x_wconf 84' lang='lat' dir='ltr'>data</span> <span class='ocrx_word' id='word_1_84' title='bbox 920 928 1091 972; x_wconf 83' lang='lat' dir='ltr'>moenia</span> <span class='ocrx_word' id='word_1_85' title='bbox 1116 943 1306 974; x_wconf 83' lang='lat' dir='ltr'>cernam</span> <span class='ocrx_word' id='word_1_86' title='bbox 1329 944 1338 979; x_wconf 92' lang='lat'>;</span> 
     </span>
     <span class='ocr_line' id='line_1_14' title="bbox 151 994 1472 1056; baseline -0.001 -17"><span class='ocrx_word' id='word_1_87' title='bbox 151 994 495 1056; x_wconf 80' lang='lat' dir='ltr'>Cognatasque</span> <span class='ocrx_word' id='word_1_88' title='bbox 523 994 662 1039; x_wconf 84' lang='lat' dir='ltr'>urbes</span> <span class='ocrx_word' id='word_1_89' title='bbox 687 994 815 1048; x_wconf 89' lang='lat' dir='ltr'>olim,</span> <span class='ocrx_word' id='word_1_90' title='bbox 845 994 1150 1056; x_wconf 84' lang='lat' dir='ltr'>populosque</span> <span class='ocrx_word' id='word_1_91' title='bbox 1175 994 1472 1056; x_wconf 83' lang='lat' dir='ltr'>propinquos</span> 
     </span>
     <span class='ocr_line' id='line_1_15' title="bbox 149 1060 1436 1123; baseline 0.001 -18"><span class='ocrx_word' id='word_1_92' title='bbox 149 1060 314 1122; x_wconf 82' lang='lat' dir='ltr'>Epir,o</span> <span class='ocrx_word' id='word_1_93' title='bbox 345 1061 598 1123; x_wconf 60' lang='lat' dir='ltr'>Hesperia,</span> <span class='ocrx_word' id='word_1_94' title='bbox 628 1060 803 1121; x_wconf 86' lang='lat' dir='ltr'>quibus</span> <span class='ocrx_word' id='word_1_95' title='bbox 824 1060 949 1107; x_wconf 83' lang='lat' dir='ltr'>idem</span> <span class='ocrx_word' id='word_1_96' title='bbox 974 1060 1229 1106; x_wconf 81' lang='lat' dir='ltr'>Dardanus</span> <span class='ocrx_word' id='word_1_97' title='bbox 1250 1070 1436 1114; x_wconf 77' lang='lat' dir='ltr'>auctor,</span> 
     </span>
     <span class='ocr_line' id='line_1_16' title="bbox 148 1127 1363 1190; baseline 0.001 -18"><span class='ocrx_word' id='word_1_98' title='bbox 148 1129 310 1190; x_wconf 85' lang='lat' dir='ltr'>Atque</span> <span class='ocrx_word' id='word_1_99' title='bbox 336 1127 462 1174; x_wconf 85' lang='lat' dir='ltr'>idem</span> <span class='ocrx_word' id='word_1_100' title='bbox 490 1143 650 1183; x_wconf 80' lang='lat' dir='ltr'>casuS,</span> <span class='ocrx_word' id='word_1_101' title='bbox 678 1143 821 1174; x_wconf 89' lang='lat' dir='ltr'>unam</span> <span class='ocrx_word' id='word_1_102' title='bbox 848 1127 1082 1173; x_wconf 79' lang='lat' dir='ltr'>faciemus</span> <span class='ocrx_word' id='word_1_103' title='bbox 1111 1138 1363 1190; x_wconf 85' lang='lat' dir='ltr'>utramque</span> 
     </span>
    </p>
   </div>
   <div class='ocr_carea' id='block_1_3' title="bbox 80 1193 1468 1255">
    <p class='ocr_par' dir='ltr' id='par_1_4' title="bbox 80 1193 1468 1255">
     <span class='ocr_line' id='line_1_17' title="bbox 80 1193 1468 1255; baseline 0.002 -17"><span class='ocrx_word' id='word_1_104' title='bbox 80 1221 82 1223; x_wconf 96' lang='lat'>-</span> <span class='ocrx_word' id='word_1_105' title='bbox 147 1193 350 1255; x_wconf 72' lang='lat' dir='ltr'>Troiam</span> <span class='ocrx_word' id='word_1_106' title='bbox 376 1194 569 1240; x_wconf 84' lang='lat' dir='ltr'>animis·</span> <span class='ocrx_word' id='word_1_107' title='bbox 609 1202 799 1241; x_wconf 80' lang='lat' dir='ltr'>maneat</span> <span class='ocrx_word' id='word_1_108' title='bbox 818 1201 1006 1240; x_wconf 84' lang='lat' dir='ltr'>nostros</span> <span class='ocrx_word' id='word_1_109' title='bbox 1032 1210 1088 1240; x_wconf 86' lang='lat' dir='ltr'>ea</span> <span class='ocrx_word' id='word_1_110' title='bbox 1115 1210 1232 1241; x_wconf 86' lang='lat' dir='ltr'>cura</span> <span class='ocrx_word' id='word_1_111' title='bbox 1253 1203 1468 1255; x_wconf 78' lang='lat' dir='ltr'>nepotes</span> 
     </span>
    </p>
   </div>
   <div class='ocr_carea' id='block_1_4' title="bbox 149 1260 1476 2512">
    <p class='ocr_par' dir='ltr' id='par_1_5' title="bbox 149 1260 1475 2258">
     <span class='ocr_line' id='line_1_18' title="bbox 215 1260 1346 1323; baseline 0 -16"><span class='ocrx_word' id='word_1_112' title='bbox 215 1260 528 1307; x_wconf 81' lang='lat' dir='ltr'>Provehimur</span> <span class='ocrx_word' id='word_1_113' title='bbox 553 1261 721 1323; x_wconf 81' lang='lat' dir='ltr'>pelago</span> <span class='ocrx_word' id='word_1_114' title='bbox 745 1261 901 1306; x_wconf 48' lang='lat' dir='ltr'>micina</span> <span class='ocrx_word' id='word_1_115' title='bbox 920 1260 1346 1321; x_wconf 81' lang='lat' dir='ltr'>Cerauniajuxta3</span> 
     </span>
     <span class='ocr_line' id='line_1_19' title="bbox 149 1327 1470 1389; baseline -0.001 -15"><span class='ocrx_word' id='word_1_116' title='bbox 149 1327 291 1374; x_wconf 87' lang='lat' dir='ltr'>Unde</span> <span class='ocrx_word' id='word_1_117' title='bbox 318 1328 402 1374; x_wconf 82' lang='lat' dir='ltr'>iter</span> <span class='ocrx_word' id='word_1_118' title='bbox 427 1327 631 1381; x_wconf 84' lang='lat' dir='ltr'>Italiam,</span> <span class='ocrx_word' id='word_1_119' title='bbox 672 1343 939 1389; x_wconf 84' lang='lat' dir='ltr'>cursusque</span> <span class='ocrx_word' id='word_1_120' title='bbox 968 1327 1270 1373; x_wconf 79' lang='lat' dir='ltr'>brevissimus</span> <span class='ocrx_word' id='word_1_121' title='bbox 1312 1327 1470 1374; x_wconf 85' lang='lat' dir='ltr'>undis.</span> 
     </span>
     <span class='ocr_line' id='line_1_20' title="bbox 150 1394 1334 1455; baseline -0.002 -14"><span class='ocrx_word' id='word_1_122' title='bbox 150 1395 234 1441; x_wconf 89' lang='lat' dir='ltr'>Sol</span> <span class='ocrx_word' id='word_1_123' title='bbox 260 1394 354 1442; x_wconf 86' lang='lat' dir='ltr'>ruit</span> <span class='ocrx_word' id='word_1_124' title='bbox 379 1395 568 1450; x_wconf 85' lang='lat' dir='ltr'>interea,</span> <span class='ocrx_word' id='word_1_125' title='bbox 598 1401 644 1440; x_wconf 90' lang='lat' dir='ltr'>et</span> <span class='ocrx_word' id='word_1_126' title='bbox 671 1401 856 1441; x_wconf 81' lang='lat' dir='ltr'>montes</span> <span class='ocrx_word' id='word_1_127' title='bbox 885 1394 1164 1440; x_wconf 86' lang='lat' dir='ltr'>umbrantur</span> <span class='ocrx_word' id='word_1_128' title='bbox 1183 1395 1334 1455; x_wconf 78' lang='lat' dir='ltr'>opaci.</span> 
     </span>
     <span class='ocr_line' id='line_1_21' title="bbox 151 1460 1370 1524; baseline -0.002 -16"><span class='ocrx_word' id='word_1_129' title='bbox 151 1461 417 1508; x_wconf 87' lang='lat' dir='ltr'>Sternimur</span> <span class='ocrx_word' id='word_1_130' title='bbox 441 1470 624 1524; x_wconf 77' lang='lat' dir='ltr'>optatae</span> <span class='ocrx_word' id='word_1_131' title='bbox 652 1461 828 1521; x_wconf 78' lang='lat' dir='ltr'>gremio</span> <span class='ocrx_word' id='word_1_132' title='bbox 849 1461 1050 1515; x_wconf 84' lang='lat' dir='ltr'>telluris,</span> <span class='ocrx_word' id='word_1_133' title='bbox 1090 1460 1149 1506; x_wconf 86' lang='lat' dir='ltr'>ad</span> <span class='ocrx_word' id='word_1_134' title='bbox 1180 1462 1370 1516; x_wconf 84' lang='lat' dir='ltr'>undam,</span> 
     </span>
     <span class='ocr_line' id='line_1_22' title="bbox 151 1527 1472 1590; baseline 0.001 -15"><span class='ocrx_word' id='word_1_135' title='bbox 151 1529 321 1575; x_wconf 82' lang='lat' dir='ltr'>Sortiti</span> <span class='ocrx_word' id='word_1_136' title='bbox 347 1544 517 1583; x_wconf 85' lang='lat' dir='ltr'>remos,</span> <span class='ocrx_word' id='word_1_137' title='bbox 548 1528 822 1590; x_wconf 84' lang='lat' dir='ltr'>passimque</span> <span class='ocrx_word' id='word_1_138' title='bbox 848 1528 891 1572; x_wconf 89' lang='lat' dir='ltr'>iu</span> <span class='ocrx_word' id='word_1_139' title='bbox 920 1527 1077 1574; x_wconf 65' lang='lat' dir='ltr'>littore</span> <span class='ocrx_word' id='word_1_140' title='bbox 1104 1527 1236 1574; x_wconf 87' lang='lat' dir='ltr'>sicco</span> <span class='ocrx_word' id='word_1_141' title='bbox 1377 1535 1472 1576; x_wconf 81' lang='lat'>510</span> 
     </span>
     <span class='ocr_line' id='line_1_23' title="bbox 151 1593 1371 1657; baseline -0.002 -15"><span class='ocrx_word' id='word_1_142' title='bbox 151 1597 369 1657; x_wconf 85' lang='lat' dir='ltr'>Corpora</span> <span class='ocrx_word' id='word_1_143' title='bbox 395 1611 618 1641; x_wconf 85' lang='lat' dir='ltr'>curamus</span> <span class='ocrx_word' id='word_1_144' title='bbox 639 1611 649 1641; x_wconf 92' lang='lat'><strong>:</strong></span> <span class='ocrx_word' id='word_1_145' title='bbox 691 1593 842 1640; x_wconf 81' lang='lat' dir='ltr'>fessos</span> <span class='ocrx_word' id='word_1_146' title='bbox 869 1610 1015 1655; x_wconf 83' lang='lat' dir='ltr'>sopor</span> <span class='ocrx_word' id='word_1_147' title='bbox 1039 1594 1203 1654; x_wconf 71' lang='lat' dir='ltr'>irrigat</span> <span class='ocrx_word' id='word_1_148' title='bbox 1223 1603 1371 1640; x_wconf 83' lang='lat' dir='ltr'>artus.</span> 
     </span>
     <span class='ocr_line' id='line_1_24' title="bbox 149 1660 1471 1715; baseline -0.001 -6"><span class='ocrx_word' id='word_1_149' title='bbox 149 1662 372 1709; x_wconf 79' lang='lat' dir='ltr'>Necdum</span> <span class='ocrx_word' id='word_1_150' title='bbox 399 1661 567 1708; x_wconf 91' lang='lat' dir='ltr'>orbem</span> <span class='ocrx_word' id='word_1_151' title='bbox 595 1660 806 1708; x_wconf 90' lang='lat' dir='ltr'>medium</span> <span class='ocrx_word' id='word_1_152' title='bbox 830 1662 939 1707; x_wconf 83' lang='lat' dir='ltr'>Nox</span> <span class='ocrx_word' id='word_1_153' title='bbox 967 1661 1092 1707; x_wconf 83' lang='lat' dir='ltr'>horis</span> <span class='ocrx_word' id='word_1_154' title='bbox 1118 1668 1228 1708; x_wconf 79' lang='lat' dir='ltr'>acta</span> <span class='ocrx_word' id='word_1_155' title='bbox 1249 1661 1471 1715; x_wconf 87' lang='lat' dir='ltr'>subibat;</span> 
     </span>
     <span class='ocr_line' id='line_1_25' title="bbox 152 1727 1385 1791; baseline -0.002 -15"><span class='ocrx_word' id='word_1_156' title='bbox 152 1729 295 1776; x_wconf 89' lang='lat' dir='ltr'>Haud</span> <span class='ocrx_word' id='word_1_157' title='bbox 319 1729 478 1791; x_wconf 87' lang='lat' dir='ltr'>segnis</span> <span class='ocrx_word' id='word_1_158' title='bbox 505 1736 655 1775; x_wconf 80' lang='lat' dir='ltr'>strato</span> <span class='ocrx_word' id='word_1_159' title='bbox 676 1727 829 1790; x_wconf 86' lang='lat' dir='ltr'>surgit</span> <span class='ocrx_word' id='word_1_160' title='bbox 848 1728 1118 1784; x_wconf 77' lang='lat' dir='ltr'>PalinuruS,</span> <span class='ocrx_word' id='word_1_161' title='bbox 1147 1735 1195 1775; x_wconf 91' lang='lat' dir='ltr'>et</span> <span class='ocrx_word' id='word_1_162' title='bbox 1220 1744 1385 1776; x_wconf 88' lang='lat' dir='ltr'>omnes</span> 
     </span>
     <span class='ocr_line' id='line_1_26' title="bbox 151 1794 1330 1859; baseline 0 -17"><span class='ocrx_word' id='word_1_163' title='bbox 151 1797 381 1859; x_wconf 82' lang='lat' dir='ltr'>Explorat</span> <span class='ocrx_word' id='word_1_164' title='bbox 407 1804 592 1850; x_wconf 81' lang='lat' dir='ltr'>ventos,</span> <span class='ocrx_word' id='word_1_165' title='bbox 620 1803 764 1858; x_wconf 86' lang='lat' dir='ltr'>atque</span> <span class='ocrx_word' id='word_1_166' title='bbox 788 1794 981 1843; x_wconf 85' lang='lat' dir='ltr'>auribus</span> <span class='ocrx_word' id='word_1_167' title='bbox 1007 1801 1119 1842; x_wconf 74' lang='lat' dir='ltr'>aera</span> <span class='ocrx_word' id='word_1_168' title='bbox 1143 1804 1330 1858; x_wconf 87' lang='lat' dir='ltr'>captat.</span> 
     </span>
     <span class='ocr_line' id='line_1_27' title="bbox 152 1861 1249 1917; baseline -0.002 -7"><span class='ocrx_word' id='word_1_169' title='bbox 152 1863 316 1910; x_wconf 85' lang='lat' dir='ltr'>Sidera</span> <span class='ocrx_word' id='word_1_170' title='bbox 338 1871 514 1909; x_wconf 85' lang='lat' dir='ltr'>cuncta</span> <span class='ocrx_word' id='word_1_171' title='bbox 539 1869 675 1909; x_wconf 90' lang='lat' dir='ltr'>notat</span> <span class='ocrx_word' id='word_1_172' title='bbox 701 1863 850 1909; x_wconf 84' lang='lat' dir='ltr'>tacito</span> <span class='ocrx_word' id='word_1_173' title='bbox 874 1861 1084 1908; x_wconf 81' lang='lat' dir='ltr'>labentia</span> <span class='ocrx_word' id='word_1_174' title='bbox 1111 1862 1249 1917; x_wconf 86' lang='lat' dir='ltr'>coelo,</span> 
     </span>
     <span class='ocr_line' id='line_1_28' title="bbox 152 1927 1475 1992; baseline -0.002 -16"><span class='ocrx_word' id='word_1_175' title='bbox 152 1933 430 1984; x_wconf 78' lang='lat' dir='ltr'>Arcturum,</span> <span class='ocrx_word' id='word_1_176' title='bbox 466 1929 750 1992; x_wconf 86' lang='lat' dir='ltr'>pluviasque</span> <span class='ocrx_word' id='word_1_177' title='bbox 778 1927 989 1991; x_wconf 81' lang='lat' dir='ltr'>Hyadas,</span> <span class='ocrx_word' id='word_1_178' title='bbox 1029 1928 1340 1991; x_wconf 82' lang='lat' dir='ltr'>geminosque</span> <span class='ocrx_word' id='word_1_179' title='bbox 1365 1928 1475 1974; x_wconf 84' lang='lat' dir='ltr'>Tri-</span> 
     </span>
     <span class='ocr_line' id='line_1_29' title="bbox 151 1994 1472 2059; baseline -0.002 -15"><span class='ocrx_word' id='word_1_180' title='bbox 151 1999 499 2059; x_wconf 87' lang='lat' dir='ltr'>Armatumque</span> <span class='ocrx_word' id='word_1_181' title='bbox 524 2012 640 2043; x_wconf 84' lang='lat' dir='ltr'>auro</span> <span class='ocrx_word' id='word_1_182' title='bbox 665 1994 991 2056; x_wconf 86' lang='lat' dir='ltr'>circumspicit</span> <span class='ocrx_word' id='word_1_183' title='bbox 1017 1995 1213 2042; x_wconf 83' lang='lat' dir='ltr'>Oriona.</span> <span class='ocrx_word' id='word_1_184' title='bbox 1319 1996 1472 2058; x_wconf 86' lang='lat' dir='ltr'>[oucs,</span> 
     </span>
     <span class='ocr_line' id='line_1_30' title="bbox 151 2062 1380 2126; baseline -0.002 -16"><span class='ocrx_word' id='word_1_185' title='bbox 151 2063 417 2126; x_wconf 84' lang='lat' dir='ltr'>Postquam</span> <span class='ocrx_word' id='word_1_186' title='bbox 444 2072 620 2109; x_wconf 86' lang='lat' dir='ltr'>cuncta</span> <span class='ocrx_word' id='word_1_187' title='bbox 647 2062 777 2108; x_wconf 85' lang='lat' dir='ltr'>videt</span> <span class='ocrx_word' id='word_1_188' title='bbox 801 2063 919 2108; x_wconf 80' lang='lat' dir='ltr'>coelo</span> <span class='ocrx_word' id='word_1_189' title='bbox 944 2070 1165 2109; x_wconf 82' lang='lat' dir='ltr'>constare</span> <span class='ocrx_word' id='word_1_190' title='bbox 1192 2079 1380 2118; x_wconf 82' lang='lat' dir='ltr'>sereno,</span> 
     </span>
     <span class='ocr_line' id='line_1_31' title="bbox 155 2129 1473 2192; baseline -0.002 -14"><span class='ocrx_word' id='word_1_191' title='bbox 155 2132 254 2178; x_wconf 84' lang='lat' dir='ltr'>Dat</span> <span class='ocrx_word' id='word_1_192' title='bbox 268 2132 449 2178; x_wconf 84' lang='lat' dir='ltr'>clarum</span> <span class='ocrx_word' id='word_1_193' title='bbox 466 2145 490 2175; x_wconf 92' lang='lat' dir='ltr'>e</span> <span class='ocrx_word' id='word_1_194' title='bbox 503 2129 658 2192; x_wconf 87' lang='lat' dir='ltr'>puppi</span> <span class='ocrx_word' id='word_1_195' title='bbox 683 2129 895 2191; x_wconf 66' lang='lat' dir='ltr'>signunu</span> <span class='ocrx_word' id='word_1_196' title='bbox 924 2144 1011 2175; x_wconf 85' lang='lat' dir='ltr'>uos</span> <span class='ocrx_word' id='word_1_197' title='bbox 1029 2138 1189 2176; x_wconf 74' lang='lat' dir='ltr'>castra</span> <span class='ocrx_word' id='word_1_198' title='bbox 1206 2145 1473 2185; x_wconf 86' lang='lat' dir='ltr'>movemus,</span> 
     </span>
     <span class='ocr_line' id='line_1_32' title="bbox 152 2196 1418 2258; baseline 0 -16"><span class='ocrx_word' id='word_1_199' title='bbox 152 2197 522 2258; x_wconf 82' lang='lat' dir='ltr'>Teutamusque</span> <span class='ocrx_word' id='word_1_200' title='bbox 545 2200 685 2251; x_wconf 81' lang='lat' dir='ltr'>viam,</span> <span class='ocrx_word' id='word_1_201' title='bbox 712 2204 757 2242; x_wconf 87' lang='lat' dir='ltr'>et</span> <span class='ocrx_word' id='word_1_202' title='bbox 775 2196 985 2241; x_wconf 83' lang='lat' dir='ltr'>velorum</span> <span class='ocrx_word' id='word_1_203' title='bbox 1013 2196 1271 2258; x_wconf 85' lang='lat' dir='ltr'>pandimus</span> <span class='ocrx_word' id='word_1_204' title='bbox 1298 2196 1418 2242; x_wconf 87' lang='lat' dir='ltr'>alas.</span> 
     </span>
    </p>

    <p class='ocr_par' dir='ltr' id='par_1_6' title="bbox 154 2262 1476 2512">
     <span class='ocr_line' id='line_1_33' title="bbox 219 2262 1469 2326; baseline -0.001 -15"><span class='ocrx_word' id='word_1_205' title='bbox 219 2265 424 2326; x_wconf 84' lang='lat' dir='ltr'>Jamque</span> <span class='ocrx_word' id='word_1_206' title='bbox 450 2264 737 2310; x_wconf 81' lang='lat' dir='ltr'>rubescebat</span> <span class='ocrx_word' id='word_1_207' title='bbox 763 2262 911 2309; x_wconf 78' lang='lat' dir='ltr'>stellis</span> <span class='ocrx_word' id='word_1_208' title='bbox 937 2266 1124 2310; x_wconf 88' lang='lat' dir='ltr'>Aurora</span> <span class='ocrx_word' id='word_1_209' title='bbox 1150 2262 1340 2325; x_wconf 82' lang='lat' dir='ltr'>fugatis,</span> <span class='ocrx_word' id='word_1_210' title='bbox 1380 2269 1469 2310; x_wconf 70' lang='lat'>521</span> 
     </span>
     <span class='ocr_line' id='line_1_34' title="bbox 154 2328 1476 2394; baseline -0.004 -16"><span class='ocrx_word' id='word_1_211' title='bbox 154 2330 277 2378; x_wconf 76' lang='lat' dir='ltr'>Cum</span> <span class='ocrx_word' id='word_1_212' title='bbox 295 2331 465 2394; x_wconf 88' lang='lat' dir='ltr'>procul</span> <span class='ocrx_word' id='word_1_213' title='bbox 486 2331 718 2377; x_wconf 88' lang='lat' dir='ltr'>obscuros</span> <span class='ocrx_word' id='word_1_214' title='bbox 735 2329 897 2384; x_wconf 84' lang='lat' dir='ltr'>colles,</span> <span class='ocrx_word' id='word_1_215' title='bbox 917 2330 1242 2392; x_wconf 83' lang='lat' dir='ltr'>humilemque</span> <span class='ocrx_word' id='word_1_216' title='bbox 1265 2328 1476 2375; x_wconf 80' lang='lat' dir='ltr'>videmus</span> 
     </span>
     <span class='ocr_line' id='line_1_35' title="bbox 158 2396 1405 2458; baseline -0.001 -16"><span class='ocrx_word' id='word_1_217' title='bbox 158 2396 364 2445; x_wconf 81' lang='lat' dir='ltr'>Italiam.</span> <span class='ocrx_word' id='word_1_218' title='bbox 441 2398 622 2444; x_wconf 80' lang='lat' dir='ltr'>{taliam</span> <span class='ocrx_word' id='word_1_219' title='bbox 650 2397 828 2458; x_wconf 84' lang='lat' dir='ltr'>primus</span> <span class='ocrx_word' id='word_1_220' title='bbox 862 2397 1136 2444; x_wconf 82' lang='lat' dir='ltr'>conclamat</span> <span class='ocrx_word' id='word_1_221' title='bbox 1164 2398 1371 2443; x_wconf 68' lang='lat' dir='ltr'>Achates</span> <span class='ocrx_word' id='word_1_222' title='bbox 1394 2415 1405 2452; x_wconf 75' lang='lat'>2</span> 
     </span>
     <span class='ocr_line' id='line_1_36' title="bbox 160 2464 1108 2512; baseline 0.001 -2"><span class='ocrx_word' id='word_1_223' title='bbox 160 2464 342 2512; x_wconf 79' lang='lat' dir='ltr'>ltaliam</span> <span class='ocrx_word' id='word_1_224' title='bbox 369 2464 478 2511; x_wconf 81' lang='lat' dir='ltr'>laeto</span> <span class='ocrx_word' id='word_1_225' title='bbox 506 2464 620 2512; x_wconf 88' lang='lat' dir='ltr'>socii</span> <span class='ocrx_word' id='word_1_226' title='bbox 647 2464 853 2512; x_wconf 81' lang='lat' dir='ltr'>clamore</span> <span class='ocrx_word' id='word_1_227' title='bbox 881 2464 1108 2511; x_wconf 80' lang='lat' dir='ltr'>salutant.</span> 
     </span>
    </p>
   </div>
  </div>
 </body>
</html>
