1614 2694
183 102 246 157 24}
515 121 565 154 P.
603 120 851 157 vincum
891 121 1156 158 MARoNrs

181 217 224 261 A
248 225 294 262 te
318 214 601 278 principium
625 234 637 270 ;
675 216 760 263 tibi
788 216 999 263 desinet:
1037 217 1208 278 accipe
1226 217 1372 278 jussis

183 282 403 329 Carmina
443 292 602 344 coepta
644 284 753 339 tuis,
790 294 932 344 atque
970 286 1092 330 lianc
1134 284 1231 331 sine
1273 293 1486 346 tempora

316 347 497 395 circum

178 412 309 459 Inter
333 415 549 461 victrices
575 414 802 461 hederam
827 415 914 462 tibi
940 431 1122 476 serpere
1145 415 1322 462 lauros.

179 480 368 541 Frigida
391 482 467 527 vix
492 481 613 527 coelo
638 482 789 526 noctis
816 482 1089 528 decesserat
1113 483 1297 537 umbra,

177 545 301 592 Cum
327 564 403 593 ros
422 548 464 592 in
491 547 650 593 tenera
677 548 840 609 pecori
866 548 1162 609 gratissimus
1190 548 1334 593 herba
1360 558 1459 594 est:

158 611 463 659 Incumbens
483 614 617 659 tereti
639 615 824 660 Damon
844 614 911 659 sic
929 614 1076 675 coepit
1092 614 1243 660 olivae.
1261 614 1456 676 [almum
1473 630 1485 666 ;

179 691 272 726 DA.
299 681 526 734 Nascere,
555 695 750 741 praeque
775 680 898 724 diem
927 680 1116 725 veniens
1140 696 1241 741 age,
1269 679 1482 735 Lucifer,

176 745 407 807 Conjugis
432 746 624 807 indigno
654 746 782 792 Nisae
809 746 1042 807 deceptus
1069 762 1231 793 amore

175 811 302 857 Dum
326 828 515 873 queror,
542 820 591 859 et
616 812 764 858 Divos
782 816 1074 874 (quanquam
1097 813 1157 858 nil
1178 812 1380 859 testibus
1401 811 1487 857 illis

173 877 608 934 Profeci)extrema
625 879 831 926 moriens
852 888 1011 925 tamen
1031 879 1252 941 alloquor
1273 879 1407 924 hora.
1424 885 1484 926 ΩΟ

172 943 341 1005 Incipe
368 946 621 991 Maenalios
647 961 855 1002 mecum,
886 962 988 992 mea
1013 945 1146 1001 tibia,
1173 961 1350 991 versus.

172 1010 408 1058 Maenalus
428 1019 747 1073 argutumque
773 1028 938 1059 nemus
964 1011 1199 1074 pinosque
1224 1012 1471 1072 loquentes

171 1076 372 1140 Semper
408 1078 581 1133 habet3
619 1094 806 1140 semper
829 1087 1074 1140 pastorum
1099 1078 1174 1124 ille
1198 1078 1333 1124 audit
1357 1093 1486 1123 amo·

303 1160 390 1201 res,

169 1209 412 1273 Panaque,
436 1211 517 1273 qui
538 1212 716 1272 primus
738 1210 946 1257 calamos
973 1227 1067 1257 non
1093 1226 1264 1272 passus
1290 1212 1481 1258 inertes.

169 1276 331 1338 Incipe
357 1278 608 1324 Maenalios
634 1293 841 1332 mecum,
869 1293 969 1323 mea
1000 1278 1132 1332 tibia,
1163 1294 1341 1324 versus,

168 1344 344 1405 Mopso
372 1343 491 1390 Nisa
516 1343 681 1390 datur:
708 1343 824 1404 quid
853 1359 946 1388 non
972 1359 1210 1406 speremus
1236 1349 1483 1394 amantes?

166 1409 435 1471 Jungentur
452 1411 554 1470 jam
580 1410 785 1472 gryphes
806 1409 966 1470 equis;
1007 1425 1208 1471 aevoque
1228 1413 1448 1472 Sequenti

166 1475 289 1522 Cum
316 1475 512 1522 canibus
539 1476 695 1523 timidi
722 1475 913 1521 venient
937 1475 996 1521 ad
1025 1476 1199 1536 pocula
1227 1482 1396 1524 damae.

166 1542 360 1604 Mopse,
388 1559 536 1589 novas
565 1542 721 1588 incide
744 1540 898 1588 faces:
936 1542 1024 1587 tibi
1048 1542 1238 1588 ducitur
1264 1550 1398 1591 uxor.

161 1608 365 1670 Sparge,
417 1610 594 1665 marite,
644 1624 819 1654 nuces:
870 1607 959 1654 tibi
1007 1607 1185 1654 deserit
1230 1609 1479 1672 Hesperus

300 1676 481 1722 OEtam.
1417 1685 1481 1725 30

163 1738 328 1802 Incipe
357 1742 606 1788 Maenalios
630 1757 835 1796 mecum,
862 1756 967 1787 mea
992 1740 1126 1795 tibia,
1153 1757 1330 1789 versus.

165 1807 210 1853 O
238 1807 382 1869 digno
405 1808 668 1869 conjuncta
694 1808 793 1853 viro
816 1808 826 1854 ἔ
866 1809 981 1852 dum
1008 1805 1214 1868 despicis
1237 1823 1421 1866 omnes,

164 1873 389 1936 Dumque
402 1874 569 1921 tibiest
585 1874 695 1920 odio
714 1889 816 1920 mea
831 1871 1011 1928 fistula,
1029 1872 1241 1936 dumque
1258 1877 1475 1937 capellae,

163 1940 509 2003 Hirsutumque
534 1940 857 2003 supercilium,
883 1939 1212 2002 promissaque
1240 1940 1419 1991 barba:

163 2006 268 2053 Nec
295 2023 463 2054 curare
487 2009 641 2055 Deum
668 2006 825 2053 credis
852 2005 1065 2052 mortalia
1091 2022 1385 2069 quenquam.

163 2072 331 2135 Incipe
357 2073 603 2121 Maenalios
627 2089 834 2128 mecum,
864 2088 967 2118 inea
987 2071 1122 2128 tibia,
1149 2090 1328 2122 versus.

163 2139 402 2202 Sepibus
393 2155 439 2185 111
463 2141 635 2186 nostris
661 2155 855 2201 parvam
883 2147 930 2185 te
954 2137 1144 2185 roscida
1170 2140 1295 2186 mala

161 2206 294 2264 (Dux
322 2222 410 2266 ego
434 2214 588 2253 vester
611 2209 759 2264 eram)
784 2205 881 2251 vidi
907 2221 1018 2251 cum
1041 2214 1186 2252 matre
1212 2207 1475 2267 legentem:

161 2271 296 2318 Alter
318 2273 382 2318 ab
410 2271 664 2318 undecimo
690 2280 790 2318 tum
818 2288 891 2318 me
911 2270 1017 2331 jam
1043 2280 1229 2333 ceperat
1255 2288 1438 2320 annus:

160 2339 269 2386 Jam
287 2337 473 2401 fragiles
493 2347 707 2400 poteram
728 2354 756 2384 a
774 2339 896 2384 terra
917 2337 1189 2397 contingere
1209 2355 1384 2384 ramos·
1413 2348 1476 2388 40

162 2405 229 2452 Ut
256 2405 370 2462 vidi,
399 2412 452 2452 ut
476 2405 610 2467 perii,
639 2412 690 2450 ut
715 2421 789 2451 me
813 2405 965 2451 malus
989 2404 1185 2450 abstulit
1211 2421 1340 2451 error
1361 2405 1372 2451 !

161 2471 327 2533 Incipe
353 2471 606 2517 Maenalios
634 2487 837 2529 mecum,
866 2486 971 2516 mea
992 2471 1124 2526 tibia,
1153 2487 1333 2517 versus.

161 2538 305 2584 Nunc
328 2537 427 2584 scio
446 2538 558 2600 quid
581 2538 638 2584 sit
656 2553 805 2585 amor.
881 2535 1030 2583 Duris
1056 2536 1102 2581 in
1130 2537 1318 2583 cotibus
1342 2537 1473 2584 illum
