<?xml version="1.0" encoding="UTF-8"?>
<!DOCTYPE html PUBLIC "-//W3C//DTD XHTML 1.0 Transitional//EN"
    "http://www.w3.org/TR/xhtml1/DTD/xhtml1-transitional.dtd">
<html xmlns="http://www.w3.org/1999/xhtml" xml:lang="en" lang="en">
 <head>
  <title>
</title>
<meta http-equiv="Content-Type" content="text/html;charset=utf-8" />
  <meta name='ocr-system' content='tesseract 3.04.00' />
  <meta name='ocr-capabilities' content='ocr_page ocr_carea ocr_par ocr_line ocrx_word'/>
</head>
<body>
  <div class='ocr_page' id='page_1' title='image "./operaadfidemopti00virguoft/operaadfidemopti00virguoft_0241.png"; bbox 0 0 1607 2700; ppageno 0'>
   <div class='ocr_carea' id='block_1_1' title="bbox 493 47 1416 95">
    <p class='ocr_par' dir='ltr' id='par_1_1' title="bbox 493 47 1416 95">
     <span class='ocr_line' id='line_1_1' title="bbox 493 47 1416 95; baseline 0.001 -9"><span class='ocrx_word' id='word_1_1' title='bbox 493 51 756 86; x_wconf 69' lang='lat' dir='ltr'>AEnssmos</span> <span class='ocrx_word' id='word_1_2' title='bbox 783 50 895 84; x_wconf 75' lang='lat' dir='ltr'>Lm.</span> <span class='ocrx_word' id='word_1_3' title='bbox 936 51 1036 84; x_wconf 79' lang='lat' dir='ltr'>vu,</span> <span class='ocrx_word' id='word_1_4' title='bbox 1325 47 1416 95; x_wconf 74' lang='grc'>237</span> 
     </span>
    </p>
   </div>
   <div class='ocr_carea' id='block_1_2' title="bbox 93 170 1423 2503">
    <p class='ocr_par' dir='ltr' id='par_1_2' title="bbox 93 170 1423 2503">
     <span class='ocr_line' id='line_1_2' title="bbox 97 170 1248 236; baseline 0.002 -17"><span class='ocrx_word' id='word_1_5' title='bbox 97 174 308 220; x_wconf 75' lang='lat' dir='ltr'>Examen</span> <span class='ocrx_word' id='word_1_6' title='bbox 335 172 543 218; x_wconf 90' lang='lat' dir='ltr'>subitum</span> <span class='ocrx_word' id='word_1_7' title='bbox 571 188 701 217; x_wconf 88' lang='lat' dir='ltr'>ramo</span> <span class='ocrx_word' id='word_1_8' title='bbox 727 170 980 217; x_wconf 82' lang='lat' dir='ltr'>frondente</span> <span class='ocrx_word' id='word_1_9' title='bbox 1006 174 1248 236; x_wconf 81' lang='lat' dir='ltr'>pependit.</span> 
     </span>
     <span class='ocr_line' id='line_1_3' title="bbox 97 237 1299 303; baseline -0.001 -17"><span class='ocrx_word' id='word_1_10' title='bbox 97 239 338 286; x_wconf 73' lang='lat' dir='ltr'>Continuo</span> <span class='ocrx_word' id='word_1_11' title='bbox 364 247 526 285; x_wconf 87' lang='lat' dir='ltr'>vates:</span> <span class='ocrx_word' id='word_1_12' title='bbox 566 239 825 284; x_wconf 84' lang='lat' dir='ltr'>Externum</span> <span class='ocrx_word' id='word_1_13' title='bbox 848 237 1100 296; x_wconf 83' lang='lat' dir='ltr'>cernimus,</span> <span class='ocrx_word' id='word_1_14' title='bbox 1127 241 1299 303; x_wconf 87' lang='lat' dir='ltr'>inquit,</span> 
     </span>
     <span class='ocr_line' id='line_1_4' title="bbox 99 305 1416 368; baseline 0.001 -17"><span class='ocrx_word' id='word_1_15' title='bbox 99 308 365 353; x_wconf 75' lang='lat' dir='ltr'>Adventare</span> <span class='ocrx_word' id='word_1_16' title='bbox 387 305 559 358; x_wconf 87' lang='lat' dir='ltr'>virum;</span> <span class='ocrx_word' id='word_1_17' title='bbox 597 313 642 350; x_wconf 83' lang='lat' dir='ltr'>et</span> <span class='ocrx_word' id='word_1_18' title='bbox 668 312 826 368; x_wconf 88' lang='lat' dir='ltr'>partes</span> <span class='ocrx_word' id='word_1_19' title='bbox 849 311 1008 364; x_wconf 88' lang='lat' dir='ltr'>petere</span> <span class='ocrx_word' id='word_1_20' title='bbox 1030 322 1197 367; x_wconf 82' lang='lat' dir='ltr'>agmen</span> <span class='ocrx_word' id='word_1_21' title='bbox 1226 306 1416 353; x_wconf 86' lang='lat' dir='ltr'>easdem</span> 
     </span>
     <span class='ocr_line' id='line_1_5' title="bbox 98 369 1417 427; baseline 0.002 -10"><span class='ocrx_word' id='word_1_22' title='bbox 98 372 320 418; x_wconf 77' lang='lat' dir='ltr'>Partibus</span> <span class='ocrx_word' id='word_1_23' title='bbox 339 388 396 417; x_wconf 82' lang='lat' dir='ltr'>ex</span> <span class='ocrx_word' id='word_1_24' title='bbox 415 371 590 427; x_wconf 74' lang='lat' dir='ltr'>isdem,</span> <span class='ocrx_word' id='word_1_25' title='bbox 619 380 668 417; x_wconf 90' lang='lat' dir='ltr'>et</span> <span class='ocrx_word' id='word_1_26' title='bbox 692 372 875 416; x_wconf 73' lang='lat' dir='ltr'>summa</span> <span class='ocrx_word' id='word_1_27' title='bbox 900 369 1190 418; x_wconf 77' lang='lat' dir='ltr'>dominarier</span> <span class='ocrx_word' id='word_1_28' title='bbox 1209 390 1334 419; x_wconf 89' lang='lat' dir='ltr'>arce.</span> <span class='ocrx_word' id='word_1_29' title='bbox 1353 380 1417 426; x_wconf 82' lang='grc'>70</span> 
     </span>
     <span class='ocr_line' id='line_1_6' title="bbox 165 435 1230 494; baseline -0.001 -9"><span class='ocrx_word' id='word_1_30' title='bbox 165 440 393 486; x_wconf 83' lang='lat' dir='ltr'>Praeterea</span> <span class='ocrx_word' id='word_1_31' title='bbox 408 438 548 484; x_wconf 87' lang='lat' dir='ltr'>castis</span> <span class='ocrx_word' id='word_1_32' title='bbox 569 438 730 484; x_wconf 81' lang='lat' dir='ltr'>adolet</span> <span class='ocrx_word' id='word_1_33' title='bbox 750 435 863 483; x_wconf 90' lang='lat' dir='ltr'>dum</span> <span class='ocrx_word' id='word_1_34' title='bbox 888 436 1053 484; x_wconf 89' lang='lat' dir='ltr'>altaria</span> <span class='ocrx_word' id='word_1_35' title='bbox 1076 438 1230 494; x_wconf 73' lang='lat' dir='ltr'>taedis,</span> 
     </span>
     <span class='ocr_line' id='line_1_7' title="bbox 98 503 1172 567; baseline -0.001 -16"><span class='ocrx_word' id='word_1_36' title='bbox 98 506 314 567; x_wconf 76' lang='lat' dir='ltr'>Etjuxta</span> <span class='ocrx_word' id='word_1_37' title='bbox 339 506 599 566; x_wconf 83' lang='lat' dir='ltr'>genitorem</span> <span class='ocrx_word' id='word_1_38' title='bbox 626 505 786 550; x_wconf 79' lang='lat' dir='ltr'>adstat</span> <span class='ocrx_word' id='word_1_39' title='bbox 812 503 1000 550; x_wconf 86' lang='lat' dir='ltr'>Lavinia</span> <span class='ocrx_word' id='word_1_40' title='bbox 1021 505 1172 567; x_wconf 83' lang='lat' dir='ltr'>virgo,</span> 
     </span>
     <span class='ocr_line' id='line_1_8' title="bbox 98 570 1382 634; baseline 0 -18"><span class='ocrx_word' id='word_1_41' title='bbox 98 572 224 627; x_wconf 82' lang='lat' dir='ltr'>Visa,</span> <span class='ocrx_word' id='word_1_42' title='bbox 251 571 399 626; x_wconf 83' lang='lat' dir='ltr'>nefas,</span> <span class='ocrx_word' id='word_1_43' title='bbox 426 571 578 634; x_wconf 85' lang='lat' dir='ltr'>longis</span> <span class='ocrx_word' id='word_1_44' title='bbox 604 572 949 632; x_wconf 78' lang='lat' dir='ltr'>comprendere</span> <span class='ocrx_word' id='word_1_45' title='bbox 976 572 1185 618; x_wconf 86' lang='lat' dir='ltr'>crinibus</span> <span class='ocrx_word' id='word_1_46' title='bbox 1211 570 1382 633; x_wconf 83' lang='lat' dir='ltr'>ignem,</span> 
     </span>
     <span class='ocr_line' id='line_1_9' title="bbox 95 636 1416 702; baseline -0.001 -18"><span class='ocrx_word' id='word_1_47' title='bbox 95 642 257 700; x_wconf 86' lang='lat' dir='ltr'>Atque</span> <span class='ocrx_word' id='word_1_48' title='bbox 274 654 462 684; x_wconf 90' lang='lat' dir='ltr'>omnem</span> <span class='ocrx_word' id='word_1_49' title='bbox 483 645 699 686; x_wconf 85' lang='lat' dir='ltr'>ornatum</span> <span class='ocrx_word' id='word_1_50' title='bbox 715 636 904 684; x_wconf 64' lang='lat' dir='ltr'>flamma</span> <span class='ocrx_word' id='word_1_51' title='bbox 921 639 1186 702; x_wconf 84' lang='lat' dir='ltr'>crepitante</span> <span class='ocrx_word' id='word_1_52' title='bbox 1200 638 1416 694; x_wconf 84' lang='lat' dir='ltr'>cremari,</span> 
     </span>
     <span class='ocr_line' id='line_1_10' title="bbox 96 705 1302 766; baseline 0.002 -16"><span class='ocrx_word' id='word_1_53' title='bbox 96 705 393 766; x_wconf 82' lang='lat' dir='ltr'>Regalesque</span> <span class='ocrx_word' id='word_1_54' title='bbox 418 721 621 752; x_wconf 81' lang='lat' dir='ltr'>accensa</span> <span class='ocrx_word' id='word_1_55' title='bbox 646 720 826 760; x_wconf 86' lang='lat' dir='ltr'>comas,</span> <span class='ocrx_word' id='word_1_56' title='bbox 854 721 1052 752; x_wconf 81' lang='lat' dir='ltr'>accensa</span> <span class='ocrx_word' id='word_1_57' title='bbox 1076 721 1302 752; x_wconf 91' lang='lat' dir='ltr'>coronam</span> 
     </span>
     <span class='ocr_line' id='line_1_11' title="bbox 95 770 1285 833; baseline 0.002 -17"><span class='ocrx_word' id='word_1_58' title='bbox 95 771 333 833; x_wconf 79' lang='lat' dir='ltr'>Insignem</span> <span class='ocrx_word' id='word_1_59' title='bbox 360 772 587 833; x_wconf 86' lang='lat' dir='ltr'>gemmis;</span> <span class='ocrx_word' id='word_1_60' title='bbox 626 779 724 818; x_wconf 89' lang='lat' dir='ltr'>tum</span> <span class='ocrx_word' id='word_1_61' title='bbox 750 770 934 817; x_wconf 87' lang='lat' dir='ltr'>fumida</span> <span class='ocrx_word' id='word_1_62' title='bbox 958 771 1136 819; x_wconf 88' lang='lat' dir='ltr'>lumine</span> <span class='ocrx_word' id='word_1_63' title='bbox 1156 771 1285 818; x_wconf 87' lang='lat' dir='ltr'>fulvo</span> 
     </span>
     <span class='ocr_line' id='line_1_12' title="bbox 96 837 1232 900; baseline 0.002 -16"><span class='ocrx_word' id='word_1_64' title='bbox 96 838 297 894; x_wconf 87' lang='lat' dir='ltr'>Involvi‚</span> <span class='ocrx_word' id='word_1_65' title='bbox 325 854 382 884; x_wconf 90' lang='lat' dir='ltr'>ac</span> <span class='ocrx_word' id='word_1_66' title='bbox 403 839 518 886; x_wconf 89' lang='lat' dir='ltr'>totis</span> <span class='ocrx_word' id='word_1_67' title='bbox 542 837 811 884; x_wconf 84' lang='lat' dir='ltr'>Vulcanum</span> <span class='ocrx_word' id='word_1_68' title='bbox 839 854 1055 900; x_wconf 83' lang='lat' dir='ltr'>spargere</span> <span class='ocrx_word' id='word_1_69' title='bbox 1075 838 1232 886; x_wconf 86' lang='lat' dir='ltr'>tectis.</span> 
     </span>
     <span class='ocr_line' id='line_1_13' title="bbox 96 903 1220 952; baseline 0 -1"><span class='ocrx_word' id='word_1_70' title='bbox 96 903 153 951; x_wconf 86' lang='lat' dir='ltr'>ld</span> <span class='ocrx_word' id='word_1_71' title='bbox 180 904 294 952; x_wconf 75' lang='lat' dir='ltr'>vero</span> <span class='ocrx_word' id='word_1_72' title='bbox 320 904 612 952; x_wconf 90' lang='lat' dir='ltr'>horrendum</span> <span class='ocrx_word' id='word_1_73' title='bbox 638 921 697 951; x_wconf 87' lang='lat' dir='ltr'>ac</span> <span class='ocrx_word' id='word_1_74' title='bbox 726 905 827 951; x_wconf 88' lang='lat' dir='ltr'>visu</span> <span class='ocrx_word' id='word_1_75' title='bbox 855 904 1068 952; x_wconf 85' lang='lat' dir='ltr'>mirabile</span> <span class='ocrx_word' id='word_1_76' title='bbox 1091 905 1220 952; x_wconf 88' lang='lat' dir='ltr'>ferri.</span> 
     </span>
     <span class='ocr_line' id='line_1_14' title="bbox 95 969 1356 1035; baseline 0 -17"><span class='ocrx_word' id='word_1_77' title='bbox 95 971 320 1034; x_wconf 86' lang='lat' dir='ltr'>Namque</span> <span class='ocrx_word' id='word_1_78' title='bbox 345 970 447 1018; x_wconf 89' lang='lat' dir='ltr'>fore</span> <span class='ocrx_word' id='word_1_79' title='bbox 473 971 704 1018; x_wconf 88' lang='lat' dir='ltr'>illustrem</span> <span class='ocrx_word' id='word_1_80' title='bbox 730 969 854 1017; x_wconf 71' lang='lat' dir='ltr'>fama</span> <span class='ocrx_word' id='word_1_81' title='bbox 880 969 1088 1035; x_wconf 86' lang='lat' dir='ltr'>fatisque</span> <span class='ocrx_word' id='word_1_82' title='bbox 1113 971 1356 1019; x_wconf 81' lang='lat' dir='ltr'>canebant</span> 
     </span>
     <span class='ocr_line' id='line_1_15' title="bbox 96 1038 1423 1101; baseline 0.002 -18"><span class='ocrx_word' id='word_1_83' title='bbox 96 1038 271 1101; x_wconf 82' lang='lat' dir='ltr'>Ipsam,</span> <span class='ocrx_word' id='word_1_84' title='bbox 295 1038 376 1085; x_wconf 91' lang='lat' dir='ltr'>sed</span> <span class='ocrx_word' id='word_1_85' title='bbox 395 1039 579 1101; x_wconf 89' lang='lat' dir='ltr'>populo</span> <span class='ocrx_word' id='word_1_86' title='bbox 598 1053 822 1101; x_wconf 88' lang='lat' dir='ltr'>magnum</span> <span class='ocrx_word' id='word_1_87' title='bbox 841 1038 1132 1101; x_wconf 87' lang='lat' dir='ltr'>portendere</span> <span class='ocrx_word' id='word_1_88' title='bbox 1145 1038 1339 1087; x_wconf 89' lang='lat' dir='ltr'>bellum.</span> <span class='ocrx_word' id='word_1_89' title='bbox 1360 1044 1423 1086; x_wconf 88' lang='lat'>80</span> 
     </span>
     <span class='ocr_line' id='line_1_16' title="bbox 162 1104 1263 1163; baseline 0.001 -12"><span class='ocrx_word' id='word_1_90' title='bbox 162 1108 224 1151; x_wconf 88' lang='lat' dir='ltr'>At</span> <span class='ocrx_word' id='word_1_91' title='bbox 248 1121 328 1151; x_wconf 87' lang='lat' dir='ltr'>rex</span> <span class='ocrx_word' id='word_1_92' title='bbox 354 1104 590 1152; x_wconf 88' lang='lat' dir='ltr'>sollicitus</span> <span class='ocrx_word' id='word_1_93' title='bbox 611 1105 848 1162; x_wconf 87' lang='lat' dir='ltr'>monstris,</span> <span class='ocrx_word' id='word_1_94' title='bbox 873 1105 1069 1153; x_wconf 87' lang='lat' dir='ltr'>oracula</span> <span class='ocrx_word' id='word_1_95' title='bbox 1095 1105 1263 1163; x_wconf 87' lang='lat' dir='ltr'>Fauni,</span> 
     </span>
     <span class='ocr_line' id='line_1_17' title="bbox 101 1170 1214 1235; baseline 0.001 -16"><span class='ocrx_word' id='word_1_96' title='bbox 101 1170 297 1220; x_wconf 83' lang='lat' dir='ltr'>Fatidici</span> <span class='ocrx_word' id='word_1_97' title='bbox 324 1171 567 1235; x_wconf 84' lang='lat' dir='ltr'>genitoris,</span> <span class='ocrx_word' id='word_1_98' title='bbox 590 1171 709 1228; x_wconf 90' lang='lat' dir='ltr'>adit,</span> <span class='ocrx_word' id='word_1_99' title='bbox 737 1172 972 1234; x_wconf 83' lang='lat' dir='ltr'>lucosque</span> <span class='ocrx_word' id='word_1_100' title='bbox 999 1172 1089 1219; x_wconf 91' lang='lat' dir='ltr'>sub</span> <span class='ocrx_word' id='word_1_101' title='bbox 1115 1173 1214 1220; x_wconf 70' lang='lat' dir='ltr'>alta</span> 
     </span>
     <span class='ocr_line' id='line_1_18' title="bbox 97 1238 1405 1301; baseline 0.001 -16"><span class='ocrx_word' id='word_1_102' title='bbox 97 1239 319 1286; x_wconf 89' lang='lat' dir='ltr'>Consulit</span> <span class='ocrx_word' id='word_1_103' title='bbox 343 1238 593 1294; x_wconf 73' lang='lat' dir='ltr'>Albunea;</span> <span class='ocrx_word' id='word_1_104' title='bbox 633 1255 880 1285; x_wconf 87' lang='lat' dir='ltr'>nemorum</span> <span class='ocrx_word' id='word_1_105' title='bbox 907 1255 1016 1301; x_wconf 85' lang='lat' dir='ltr'>quae</span> <span class='ocrx_word' id='word_1_106' title='bbox 1042 1239 1247 1287; x_wconf 87' lang='lat' dir='ltr'>maxima</span> <span class='ocrx_word' id='word_1_107' title='bbox 1267 1255 1405 1286; x_wconf 86' lang='lat' dir='ltr'>sacro</span> 
     </span>
     <span class='ocr_line' id='line_1_19' title="bbox 97 1305 1422 1369; baseline 0.002 -17"><span class='ocrx_word' id='word_1_108' title='bbox 97 1306 250 1352; x_wconf 84' lang='lat' dir='ltr'>Fonte</span> <span class='ocrx_word' id='word_1_109' title='bbox 273 1314 428 1362; x_wconf 88' lang='lat' dir='ltr'>sonat,</span> <span class='ocrx_word' id='word_1_110' title='bbox 455 1321 729 1366; x_wconf 86' lang='lat' dir='ltr'>saevamque</span> <span class='ocrx_word' id='word_1_111' title='bbox 755 1306 947 1352; x_wconf 84' lang='lat' dir='ltr'>exhalat</span> <span class='ocrx_word' id='word_1_112' title='bbox 972 1322 1126 1369; x_wconf 86' lang='lat' dir='ltr'>opaca</span> <span class='ocrx_word' id='word_1_113' title='bbox 1152 1305 1422 1369; x_wconf 84' lang='lat' dir='ltr'>mephitim.</span> 
     </span>
     <span class='ocr_line' id='line_1_20' title="bbox 96 1372 1257 1433; baseline 0.001 -15"><span class='ocrx_word' id='word_1_114' title='bbox 96 1372 224 1418; x_wconf 87' lang='lat' dir='ltr'>Hinc</span> <span class='ocrx_word' id='word_1_115' title='bbox 246 1372 379 1418; x_wconf 85' lang='lat' dir='ltr'>ltalae</span> <span class='ocrx_word' id='word_1_116' title='bbox 403 1379 566 1433; x_wconf 82' lang='lat' dir='ltr'>gentes</span> <span class='ocrx_word' id='word_1_117' title='bbox 592 1372 844 1433; x_wconf 88' lang='lat' dir='ltr'>omnisque</span> <span class='ocrx_word' id='word_1_118' title='bbox 871 1373 1091 1420; x_wconf 87' lang='lat' dir='ltr'>OEnotria</span> <span class='ocrx_word' id='word_1_119' title='bbox 1116 1372 1257 1421; x_wconf 86' lang='lat' dir='ltr'>tellus</span> 
     </span>
     <span class='ocr_line' id='line_1_21' title="bbox 96 1438 1356 1501; baseline 0.002 -17"><span class='ocrx_word' id='word_1_120' title='bbox 96 1439 152 1484; x_wconf 90' lang='lat' dir='ltr'>ln</span> <span class='ocrx_word' id='word_1_121' title='bbox 179 1438 336 1485; x_wconf 89' lang='lat' dir='ltr'>dubiis</span> <span class='ocrx_word' id='word_1_122' title='bbox 362 1454 591 1501; x_wconf 89' lang='lat' dir='ltr'>responsa</span> <span class='ocrx_word' id='word_1_123' title='bbox 616 1447 801 1499; x_wconf 84' lang='lat' dir='ltr'>petunt.</span> <span class='ocrx_word' id='word_1_124' title='bbox 839 1439 951 1485; x_wconf 89' lang='lat' dir='ltr'>Huc</span> <span class='ocrx_word' id='word_1_125' title='bbox 978 1439 1102 1486; x_wconf 89' lang='lat' dir='ltr'>dona</span> <span class='ocrx_word' id='word_1_126' title='bbox 1128 1439 1356 1486; x_wconf 86' lang='lat' dir='ltr'>sacerdos</span> 
     </span>
     <span class='ocr_line' id='line_1_22' title="bbox 96 1505 1356 1561; baseline 0 -9"><span class='ocrx_word' id='word_1_127' title='bbox 96 1505 216 1552; x_wconf 75' lang='lat' dir='ltr'>Cum</span> <span class='ocrx_word' id='word_1_128' title='bbox 245 1505 368 1561; x_wconf 89' lang='lat' dir='ltr'>tulit,</span> <span class='ocrx_word' id='word_1_129' title='bbox 394 1513 443 1552; x_wconf 87' lang='lat' dir='ltr'>et</span> <span class='ocrx_word' id='word_1_130' title='bbox 467 1520 696 1551; x_wconf 81' lang='lat' dir='ltr'>caesarum</span> <span class='ocrx_word' id='word_1_131' title='bbox 724 1505 885 1552; x_wconf 91' lang='lat' dir='ltr'>ovium</span> <span class='ocrx_word' id='word_1_132' title='bbox 912 1506 1002 1552; x_wconf 86' lang='lat' dir='ltr'>snb</span> <span class='ocrx_word' id='word_1_133' title='bbox 1028 1513 1172 1553; x_wconf 90' lang='lat' dir='ltr'>nocte</span> <span class='ocrx_word' id='word_1_134' title='bbox 1199 1505 1356 1553; x_wconf 89' lang='lat' dir='ltr'>silenti</span> 
     </span>
     <span class='ocr_line' id='line_1_23' title="bbox 95 1571 1299 1635; baseline 0 -17"><span class='ocrx_word' id='word_1_135' title='bbox 95 1571 310 1618; x_wconf 89' lang='lat' dir='ltr'>Pellibus</span> <span class='ocrx_word' id='word_1_136' title='bbox 335 1571 554 1618; x_wconf 88' lang='lat' dir='ltr'>incubuit</span> <span class='ocrx_word' id='word_1_137' title='bbox 581 1571 757 1628; x_wconf 83' lang='lat' dir='ltr'>stratiS‚</span> <span class='ocrx_word' id='word_1_138' title='bbox 785 1588 1073 1634; x_wconf 88' lang='lat' dir='ltr'>somnosque</span> <span class='ocrx_word' id='word_1_139' title='bbox 1098 1571 1299 1635; x_wconf 88' lang='lat' dir='ltr'>petivit;</span> 
     </span>
     <span class='ocr_line' id='line_1_24' title="bbox 94 1637 1321 1696; baseline 0.001 -12"><span class='ocrx_word' id='word_1_140' title='bbox 94 1639 255 1685; x_wconf 87' lang='lat' dir='ltr'>Multa</span> <span class='ocrx_word' id='word_1_141' title='bbox 280 1637 434 1685; x_wconf 83' lang='lat' dir='ltr'>modis</span> <span class='ocrx_word' id='word_1_142' title='bbox 461 1637 710 1685; x_wconf 89' lang='lat' dir='ltr'>simulacra</span> <span class='ocrx_word' id='word_1_143' title='bbox 734 1637 867 1686; x_wconf 91' lang='lat' dir='ltr'>videt</span> <span class='ocrx_word' id='word_1_144' title='bbox 892 1639 1141 1686; x_wconf 86' lang='lat' dir='ltr'>volitantia</span> <span class='ocrx_word' id='word_1_145' title='bbox 1174 1639 1321 1696; x_wconf 89' lang='lat' dir='ltr'>miris,</span> 
     </span>
     <span class='ocr_line' id='line_1_25' title="bbox 94 1703 1422 1768; baseline 0.004 -18"><span class='ocrx_word' id='word_1_146' title='bbox 94 1704 155 1751; x_wconf 87' lang='lat' dir='ltr'>Et</span> <span class='ocrx_word' id='word_1_147' title='bbox 178 1705 332 1752; x_wconf 85' lang='lat' dir='ltr'>varias</span> <span class='ocrx_word' id='word_1_148' title='bbox 351 1704 484 1752; x_wconf 88' lang='lat' dir='ltr'>audit</span> <span class='ocrx_word' id='word_1_149' title='bbox 509 1720 668 1761; x_wconf 89' lang='lat' dir='ltr'>voces,</span> <span class='ocrx_word' id='word_1_150' title='bbox 694 1703 962 1768; x_wconf 85' lang='lat' dir='ltr'>fruiturque</span> <span class='ocrx_word' id='word_1_151' title='bbox 989 1708 1200 1754; x_wconf 90' lang='lat' dir='ltr'>Deorum</span> <span class='ocrx_word' id='word_1_152' title='bbox 1357 1714 1422 1764; x_wconf 88' lang='lat'>90</span> 
     </span>
     <span class='ocr_line' id='line_1_26' title="bbox 93 1771 1421 1835; baseline 0.001 -16"><span class='ocrx_word' id='word_1_153' title='bbox 93 1771 366 1833; x_wconf 91' lang='lat' dir='ltr'>Colloquio,</span> <span class='ocrx_word' id='word_1_154' title='bbox 405 1779 550 1835; x_wconf 90' lang='lat' dir='ltr'>atque</span> <span class='ocrx_word' id='word_1_155' title='bbox 575 1771 680 1818; x_wconf 88' lang='lat' dir='ltr'>imis</span> <span class='ocrx_word' id='word_1_156' title='bbox 704 1773 982 1820; x_wconf 87' lang='lat' dir='ltr'>Acheronta</span> <span class='ocrx_word' id='word_1_157' title='bbox 1006 1772 1181 1820; x_wconf 82' lang='lat' dir='ltr'>affatur</span> <span class='ocrx_word' id='word_1_158' title='bbox 1204 1774 1421 1820; x_wconf 88' lang='lat' dir='ltr'>Avernis.</span> 
     </span>
     <span class='ocr_line' id='line_1_27' title="bbox 94 1838 1364 1902; baseline 0.002 -18"><span class='ocrx_word' id='word_1_159' title='bbox 94 1838 190 1885; x_wconf 78' lang='lat' dir='ltr'>Hic</span> <span class='ocrx_word' id='word_1_160' title='bbox 214 1847 262 1885; x_wconf 91' lang='lat' dir='ltr'>et</span> <span class='ocrx_word' id='word_1_161' title='bbox 286 1846 387 1885; x_wconf 90' lang='lat' dir='ltr'>tum</span> <span class='ocrx_word' id='word_1_162' title='bbox 409 1847 545 1900; x_wconf 87' lang='lat' dir='ltr'>pater</span> <span class='ocrx_word' id='word_1_163' title='bbox 569 1838 671 1900; x_wconf 90' lang='lat' dir='ltr'>ipse</span> <span class='ocrx_word' id='word_1_164' title='bbox 696 1848 864 1900; x_wconf 86' lang='lat' dir='ltr'>petens</span> <span class='ocrx_word' id='word_1_165' title='bbox 889 1856 1119 1902; x_wconf 88' lang='lat' dir='ltr'>responsa</span> <span class='ocrx_word' id='word_1_166' title='bbox 1145 1839 1364 1895; x_wconf 87' lang='lat' dir='ltr'>Latinus,</span> 
     </span>
     <span class='ocr_line' id='line_1_28' title="bbox 95 1905 1207 1967; baseline 0.001 -17"><span class='ocrx_word' id='word_1_167' title='bbox 95 1906 300 1952; x_wconf 86' lang='lat' dir='ltr'>Centum</span> <span class='ocrx_word' id='word_1_168' title='bbox 324 1906 554 1967; x_wconf 87' lang='lat' dir='ltr'>lanigeras</span> <span class='ocrx_word' id='word_1_169' title='bbox 579 1906 822 1952; x_wconf 80' lang='lat' dir='ltr'>mactabat</span> <span class='ocrx_word' id='word_1_170' title='bbox 847 1905 934 1952; x_wconf 90' lang='lat' dir='ltr'>rite</span> <span class='ocrx_word' id='word_1_171' title='bbox 959 1906 1207 1962; x_wconf 89' lang='lat' dir='ltr'>bidentes;</span> 
     </span>
     <span class='ocr_line' id='line_1_29' title="bbox 94 1970 1324 2035; baseline 0 -17"><span class='ocrx_word' id='word_1_172' title='bbox 94 1974 256 2033; x_wconf 83' lang='lat' dir='ltr'>Atque</span> <span class='ocrx_word' id='word_1_173' title='bbox 283 1971 447 2018; x_wconf 88' lang='lat' dir='ltr'>harum</span> <span class='ocrx_word' id='word_1_174' title='bbox 472 1970 666 2018; x_wconf 89' lang='lat' dir='ltr'>effultus</span> <span class='ocrx_word' id='word_1_175' title='bbox 693 1980 826 2033; x_wconf 84' lang='lat' dir='ltr'>tergo</span> <span class='ocrx_word' id='word_1_176' title='bbox 851 1972 1105 2035; x_wconf 81' lang='lat' dir='ltr'>stratisque</span> <span class='ocrx_word' id='word_1_177' title='bbox 1124 1972 1324 2034; x_wconf 87' lang='lat' dir='ltr'>jacebat</span> 
     </span>
     <span class='ocr_line' id='line_1_30' title="bbox 95 2037 1419 2087; baseline 0.002 -3"><span class='ocrx_word' id='word_1_178' title='bbox 95 2039 379 2086; x_wconf 78' lang='lat' dir='ltr'>Velleribus·</span> <span class='ocrx_word' id='word_1_179' title='bbox 450 2037 616 2085; x_wconf 87' lang='lat' dir='ltr'>Subita</span> <span class='ocrx_word' id='word_1_180' title='bbox 641 2055 698 2085; x_wconf 85' lang='lat' dir='ltr'>ex</span> <span class='ocrx_word' id='word_1_181' title='bbox 724 2038 821 2085; x_wconf 90' lang='lat' dir='ltr'>alto</span> <span class='ocrx_word' id='word_1_182' title='bbox 847 2055 939 2085; x_wconf 83' lang='lat' dir='ltr'>vox</span> <span class='ocrx_word' id='word_1_183' title='bbox 963 2038 1153 2087; x_wconf 86' lang='lat' dir='ltr'>reddita</span> <span class='ocrx_word' id='word_1_184' title='bbox 1178 2040 1288 2086; x_wconf 91' lang='lat' dir='ltr'>luco</span> <span class='ocrx_word' id='word_1_185' title='bbox 1314 2046 1419 2087; x_wconf 84' lang='lat' dir='ltr'>est:</span> 
     </span>
     <span class='ocr_line' id='line_1_31' title="bbox 95 2104 1200 2168; baseline 0.001 -17"><span class='ocrx_word' id='word_1_186' title='bbox 95 2105 170 2152; x_wconf 88' lang='lat' dir='ltr'>Ne</span> <span class='ocrx_word' id='word_1_187' title='bbox 195 2114 308 2168; x_wconf 90' lang='lat' dir='ltr'>pete</span> <span class='ocrx_word' id='word_1_188' title='bbox 334 2104 589 2152; x_wconf 86' lang='lat' dir='ltr'>connubiis</span> <span class='ocrx_word' id='word_1_189' title='bbox 609 2113 769 2152; x_wconf 88' lang='lat' dir='ltr'>natam</span> <span class='ocrx_word' id='word_1_190' title='bbox 797 2106 976 2152; x_wconf 86' lang='lat' dir='ltr'>sociare</span> <span class='ocrx_word' id='word_1_191' title='bbox 1003 2105 1200 2163; x_wconf 89' lang='lat' dir='ltr'>Latinis,</span> 
     </span>
     <span class='ocr_line' id='line_1_32' title="bbox 96 2171 1338 2235; baseline 0.002 -18"><span class='ocrx_word' id='word_1_192' title='bbox 96 2171 140 2217; x_wconf 89' lang='lat' dir='ltr'>O</span> <span class='ocrx_word' id='word_1_193' title='bbox 166 2187 272 2219; x_wconf 87' lang='lat' dir='ltr'>mea</span> <span class='ocrx_word' id='word_1_194' title='bbox 295 2171 577 2235; x_wconf 73' lang='lat' dir='ltr'>progenies:</span> <span class='ocrx_word' id='word_1_195' title='bbox 616 2172 836 2219; x_wconf 84' lang='lat' dir='ltr'>thalamis</span> <span class='ocrx_word' id='word_1_196' title='bbox 862 2189 954 2219; x_wconf 91' lang='lat' dir='ltr'>neu</span> <span class='ocrx_word' id='word_1_197' title='bbox 979 2172 1119 2219; x_wconf 89' lang='lat' dir='ltr'>crede</span> <span class='ocrx_word' id='word_1_198' title='bbox 1146 2172 1338 2234; x_wconf 78' lang='lat' dir='ltr'>paratis,</span> 
     </span>
     <span class='ocr_line' id='line_1_33' title="bbox 97 2237 1318 2302; baseline 0.002 -19"><span class='ocrx_word' id='word_1_199' title='bbox 97 2237 293 2286; x_wconf 79' lang='lat' dir='ltr'>Externi</span> <span class='ocrx_word' id='word_1_200' title='bbox 318 2238 511 2285; x_wconf 89' lang='lat' dir='ltr'>veniunt</span> <span class='ocrx_word' id='word_1_201' title='bbox 536 2238 711 2301; x_wconf 88' lang='lat' dir='ltr'>generi,</span> <span class='ocrx_word' id='word_1_202' title='bbox 739 2239 819 2301; x_wconf 90' lang='lat' dir='ltr'>qui</span> <span class='ocrx_word' id='word_1_203' title='bbox 846 2240 1076 2302; x_wconf 87' lang='lat' dir='ltr'>sanguine</span> <span class='ocrx_word' id='word_1_204' title='bbox 1101 2247 1318 2286; x_wconf 88' lang='lat' dir='ltr'>nostrum</span> 
     </span>
     <span class='ocr_line' id='line_1_34' title="bbox 97 2304 1417 2370; baseline 0.002 -20"><span class='ocrx_word' id='word_1_205' title='bbox 97 2304 283 2352; x_wconf 88' lang='lat' dir='ltr'>Nomen</span> <span class='ocrx_word' id='word_1_206' title='bbox 303 2305 348 2352; x_wconf 91' lang='lat' dir='ltr'>in</span> <span class='ocrx_word' id='word_1_207' title='bbox 373 2312 501 2352; x_wconf 89' lang='lat' dir='ltr'>astra</span> <span class='ocrx_word' id='word_1_208' title='bbox 524 2306 713 2360; x_wconf 84' lang='lat' dir='ltr'>ferant;</span> <span class='ocrx_word' id='word_1_209' title='bbox 765 2321 1068 2369; x_wconf 88' lang='lat' dir='ltr'>quorumque</span> <span class='ocrx_word' id='word_1_210' title='bbox 1105 2322 1133 2353; x_wconf 87' lang='lat' dir='ltr'>a</span> <span class='ocrx_word' id='word_1_211' title='bbox 1158 2308 1302 2370; x_wconf 87' lang='lat' dir='ltr'>stirpe</span> <span class='ocrx_word' id='word_1_212' title='bbox 1339 2323 1417 2353; x_wconf 90' lang='lat' dir='ltr'>ne·</span> 
     </span>
     <span class='ocr_line' id='line_1_35' title="bbox 229 2382 364 2433; baseline 0.015 -17"><span class='ocrx_word' id='word_1_213' title='bbox 229 2382 364 2433; x_wconf 87' lang='lat' dir='ltr'>potes</span> 
     </span>
     <span class='ocr_line' id='line_1_36' title="bbox 103 2437 1419 2503; baseline 0.001 -18"><span class='ocrx_word' id='word_1_214' title='bbox 103 2438 275 2485; x_wconf 83' lang='lat' dir='ltr'>Omnia</span> <span class='ocrx_word' id='word_1_215' title='bbox 295 2438 382 2485; x_wconf 90' lang='lat' dir='ltr'>sub</span> <span class='ocrx_word' id='word_1_216' title='bbox 406 2437 630 2499; x_wconf 83' lang='lat' dir='ltr'>pedibus,</span> <span class='ocrx_word' id='word_1_217' title='bbox 660 2437 755 2503; x_wconf 75' lang='lat' dir='ltr'>qua</span> <span class='ocrx_word' id='word_1_218' title='bbox 781 2439 862 2487; x_wconf 88' lang='lat' dir='ltr'>Sol</span> <span class='ocrx_word' id='word_1_219' title='bbox 889 2449 1146 2503; x_wconf 84' lang='lat' dir='ltr'>utrumque</span> <span class='ocrx_word' id='word_1_220' title='bbox 1174 2455 1419 2487; x_wconf 77' lang='lat' dir='ltr'>recurrens</span> 
     </span>
    </p>
   </div>
  </div>
 </body>
</html>
