1607 2700
122 100 216 143 222
455 106 500 139 P.
539 105 790 142 VIRGILII
821 106 1083 141 MARONIS

123 227 277 280 Quem
293 224 445 286 fugis?
469 234 730 274 extremum
751 226 853 274 fato
868 226 997 290 quod
1020 234 1066 273 te
1081 226 1320 288 alloquor,
1342 226 1436 273 hoc

119 291 323 338 Talibus
349 293 521 340 AEneas
546 292 793 340 ardentem
819 303 868 340 et
893 303 1029 340 torva
1053 300 1266 340 tuentem
1324 294 1435 355 [est.

122 358 323 404 Lenibat
347 358 487 406 dictis
507 360 732 415 animam,
755 361 1083 423 lacrymasque
1110 359 1288 406 ciebat.

121 425 210 471 Illa
233 425 337 470 solo
363 424 486 473 fixos
512 426 677 472 oculos
702 442 864 472 aversa
884 428 1099 479 tenebat:

119 492 226 538 Nec
246 492 398 554 magis
424 491 617 554 incepto
643 492 827 537 vultum
850 509 1066 539 sermone
1083 500 1319 548 movetur,
1334 498 1433 545 470

121 556 279 611 Quam
307 559 344 604 si
369 557 490 605 dura
510 559 620 603 silex
645 565 728 603 aut
753 566 846 603 stet
873 559 1113 621 Marpesia
1138 567 1321 606 cauteS.

118 623 338 671 Tandem
366 624 599 685 corripuit
623 640 741 679 sese,
767 632 914 685 atque
940 624 1132 670 inimica
1155 625 1331 687 refugit

117 691 175 736 In
200 707 364 736 nemus
393 691 732 743 umbriferum3
772 691 950 751 conjux
973 691 1053 736 ubi
1079 691 1307 753 pristinus
1329 692 1397 738 illi

117 757 399 818 Respondet
422 757 561 812 curis,
589 766 846 818 aequatque
872 759 1102 820 Sychaeus
1126 774 1348 805 amorem.

115 823 224 870 Nec
252 823 403 868 miuus
430 826 616 880 AEneas,
645 840 761 870 casu
786 840 1041 886 percussus
1065 823 1248 885 iniquo,

116 889 432 951 Prosequitur
448 891 716 951 lacrymans
730 890 884 953 longe,
899 900 946 937 et
961 891 1206 937 miseratur
1221 899 1427 939 euntem.

184 955 304 1002 Inde
330 957 497 1003 datum
515 957 706 1003 molitur
721 957 826 1004 iter.
851 959 1056 1019 Jamque
1073 972 1183 1002 arva
1201 958 1429 1005 tenebant

116 1021 314 1079 Ultima,
343 1040 450 1085 quae
477 1023 604 1069 bello
625 1024 742 1070 clari
769 1033 950 1071 secreta
971 1025 1294 1084 frequentant.

117 1090 213 1135 Hic
239 1089 305 1134 illi
331 1089 546 1136 occurrit
570 1090 787 1152 Tydeus,
816 1092 893 1137 hic
917 1091 1126 1152 inclytus
1158 1091 1296 1136 armis

115 1155 513 1219 Parthenopaeus,
541 1165 588 1203 et
614 1157 812 1203 Adrasti
838 1157 1061 1220 pallentis
1087 1158 1258 1218 imago,
1332 1163 1428 1206 480

116 1222 214 1269 Hic
240 1223 443 1268 multum
470 1222 569 1268 fleti
588 1223 648 1269 ad
677 1240 893 1285 superos,
921 1224 1144 1285 belloque
1167 1223 1340 1269 caduci

115 1288 438 1335 Dardanidae:
459 1290 668 1350 quosille
686 1306 853 1336 omnes
869 1292 1010 1350 longo
1027 1289 1192 1336 ordine
1211 1306 1426 1347 cernens,

116 1356 380 1417 Ingemuit:
421 1357 781 1419 Glaucumque,
809 1357 1153 1418 Medontaque,
1181 1357 1428 1403 Thersilo-

251 1422 511 1484 chumque‚

115 1489 234 1534 Tres
259 1489 863 1552 AntenoridaS‚Cererique
881 1505 1068 1536 sacrum
1091 1490 1428 1552 Polyphoeten,

116 1555 417 1616 Idaeumque,
446 1556 591 1602 etiam
618 1573 800 1612 curruS,
840 1557 982 1603 etiam
1010 1572 1140 1602 arma
1166 1566 1429 1603 tenentem.

118 1621 446 1668 Circumstant
469 1623 639 1669 animae
664 1621 833 1669 dextra
860 1623 1076 1684 laevaque
1103 1623 1396 1685 frequentes.

116 1689 221 1735 Nec
243 1688 417 1734 vidisse
441 1689 585 1736 semel
609 1689 719 1735 satis
739 1698 809 1735 est
833 1706 843 1735 :
876 1689 1020 1749 juvat
1047 1706 1198 1751 usque
1236 1690 1420 1746 morari,

117 1756 178 1801 Et
203 1754 419 1801 conferre
444 1757 660 1818 gradum,
681 1763 729 1802 et
755 1755 973 1802 veniendi
998 1755 1182 1802 discere
1208 1772 1394 1802 causaS.

117 1823 186 1869 At
206 1822 427 1868 Danat'lm
448 1838 691 1885 proceres,
718 1823 1204 1884 Agamemnoniaeque
1234 1823 1430 1885 phalan-

252 1905 348 1947 ges,
1335 1896 1431 1945 489

119 1955 185 2001 Ut
212 1955 370 2002 videre
396 1955 544 2002 virum
571 1955 899 2018 fulgentiaque
923 1971 1049 2001 arma
1074 1972 1161 2018 per
1186 1956 1396 2012 umbras,

119 2022 307 2082 Ingenti
333 2023 568 2084 trepidare
594 2031 743 2069 metu:
786 2039 894 2084 pars
921 2032 1100 2068 vertere
1124 2031 1274 2085 terga,

119 2089 218 2133 Ceu
245 2090 485 2149 quondam
509 2090 690 2151 petiere
710 2097 838 2136 rates
861 2107 871 2143 ;
913 2105 1017 2150 pars
1044 2089 1206 2135 tollere
1233 2106 1398 2135 vocem

119 2154 351 2213 Exiguam
373 2172 383 2208 ;
422 2155 641 2218 inceptus
667 2157 844 2202 clamor
869 2155 1124 2202 frustratur
1148 2156 1344 2201 hiantes.

184 2222 347 2282 Atque
376 2221 454 2266 hic
480 2221 748 2268 Priamiden
771 2223 993 2268 laniatum
1017 2238 1218 2284 corpore
1243 2231 1347 2269 toto

120 2288 431 2349 Deiphobum
461 2288 595 2344 vidit,
622 2289 832 2336 lacerum
859 2289 1114 2336 crudeliter
1138 2305 1252 2342 ora:

119 2355 236 2410 Ora,
254 2370 515 2415 manusque
536 2356 717 2412 ambas,
737 2356 1067 2418 populataque
1090 2364 1309 2418 tempora
1330 2372 1377 2402 ra
1389 2371 1440 2416 p-

125 2423 346 2476 Auribus,
374 2431 420 2466 et
447 2431 640 2467 truncas
665 2423 921 2469 inhonesto
949 2423 1141 2469 vulnere
1163 2438 1315 2468 nares.
1355 2425 1436 2485 [tis

123 2491 209 2537 Vix
236 2489 352 2535 adei)
379 2489 570 2548 agnovit
592 2489 905 2549 pavitantem,
933 2498 978 2536 et
1007 2490 1104 2536 dira
1129 2497 1368 2552 tegentem
