1607 2700
304 0 333 93 ι
594 51 859 85 animnos
901 49 1012 83 ωε.
1057 50 1126 83 1v.
1420 38 1509 91 167

195 173 327 220 Illam
349 173 501 220 Terra
526 185 709 230 parem,
735 168 804 215 ira
828 169 1016 215 irritata
1038 171 1268 225 Deorum,
1389 172 1509 231 [rem

195 242 460 286 Extremam
485 243 561 297 (ut
585 235 859 297 perhibent)
886 236 1001 281 Coeo
1019 234 1362 296 Enceladoque
1380 253 1511 281 soro-

193 306 471 367 Progenuit;
489 302 690 366 pedibus
708 302 914 348 celerem
924 310 973 348 et
989 301 1264 363 pernicibus
1285 302 1384 348 alis.
1421 309 1510 350 180

195 375 464 420 Monstrum
504 367 813 425 horrendum,
850 368 1015 430 ingens
1038 384 1048 414 :
1111 367 1188 413 cui
1235 376 1356 429 quot
1398 377 1511 415 sunt

324 453 524 498 corpore
550 435 747 498 plumae,

190 505 284 550 'rot
308 503 471 563 vigiles
497 501 624 548 oculi
646 502 810 547 subter
833 500 1067 560 (mirabile
1089 499 1266 557 dictu),

189 571 289 616 Tot
306 569 497 631 linguae,
519 567 723 616 totidem
743 584 821 613 ora
836 576 1020 624 sonant,
1044 575 1115 613 tot
1134 566 1338 627 subrigit
1356 583 1509 615 aures-

193 637 352 683 Nocte
377 637 504 682 volat
529 635 636 682 coeli
662 634 822 680 medio
849 642 1084 695 terraeque
1110 649 1194 695 per
1217 633 1454 688 umbram,

191 702 427 760 Stridens,
452 720 538 749 nec
563 701 694 748 dulci
720 701 930 747 declinat
956 700 1137 746 lumina
1162 716 1340 746 somno.

192 769 324 814 Luce
350 769 491 816 sedet
516 777 676 814 custos
702 775 786 813 aut
813 768 983 812 summi
1009 767 1211 813 culmine
1239 765 1374 822 tecti,

189 835 422 882 Turribus
448 845 532 881 aut
555 835 673 889 altis,
701 843 749 881 et
776 850 968 894 magnas
994 834 1177 879 territat
1201 833 1376 885 urbes;

188 902 313 948 Tam
335 901 436 949 ficti
463 902 694 964 pravique
720 910 876 954 tenax,
906 899 1050 958 quam
1078 893 1242 945 nuntia
1264 899 1374 944 veri.

191 969 311 1015 Haec
338 977 436 1015 tum
465 968 719 1028 multiplici
746 966 951 1028 populos
978 982 1195 1012 sermone
1221 966 1442 1027 replebat

190 1035 438 1091 Gaudens,
467 1043 516 1082 et
542 1035 717 1095 pariter
743 1033 871 1079 facta
894 1042 1037 1094 atque
1063 1032 1241 1079 infecta
1277 1032 1506 1078 canebat:

189 1102 387 1148 Venisse
412 1099 847 1161 AEneam‚Trojano
874 1115 898 1144 a
924 1099 1147 1161 sanguine
1169 1107 1369 1154 cretum,
1415 1106 1503 1154 191

189 1169 279 1214 Cui
305 1186 354 1215 se
381 1169 580 1230 pulchra
607 1169 706 1213 viro
732 1166 953 1227 dignetur
970 1166 1175 1227 jungere
1198 1165 1350 1217 Dido;

188 1235 332 1281 Nunc
358 1236 574 1298 hyemem
601 1234 723 1280 inter
749 1250 797 1279 se
824 1233 956 1288 luxu,
983 1232 1126 1294 quam
1148 1232 1306 1294 longa,
1333 1231 1506 1285 fovere,

188 1301 467 1364 Regnorum
492 1301 810 1354 immemores,
840 1299 1063 1360 turpique
1083 1298 1304 1359 cupidine
1319 1306 1504 1359 captos.

189 1368 307 1414 Haec
335 1368 514 1430 passim
540 1368 642 1412 Dea
668 1366 796 1412 foeda
824 1365 973 1411 virfim
1001 1365 1224 1412 diffundit
1249 1365 1293 1410 in
1321 1381 1418 1410 ora.

187 1433 420 1480 Protenus
442 1436 499 1480 ad
529 1450 688 1494 regem
715 1448 883 1479 cursus
909 1433 1165 1494 detorquet
1191 1431 1397 1487 larbam,

188 1501 503 1562 Incenditque
529 1501 734 1546 animum
762 1499 919 1554 dictis,
958 1507 1103 1557 atque
1127 1506 1320 1560 aggerat
1346 1498 1451 1544 iras.

255 1568 348 1614 Hic
383 1570 619 1613 Ammone
646 1575 794 1621 satus,
822 1565 959 1627 rapta
985 1565 1333 1612 Garamantide
1360 1565 1509 1627 Nym-

319 1634 429 1694 plia,

185 1700 395 1763 Templa
417 1700 524 1747 Jovi
550 1707 742 1746 centuni
765 1697 872 1744 latis
889 1697 1113 1744 immania
1137 1697 1306 1760 regnis,
1416 1704 1508 1754 199

189 1769 395 1814 Centum
413 1781 518 1812 aras
539 1765 724 1827 posuit;
751 1765 1034 1826 vigilemque
1048 1775 1315 1811 sacraverat
1333 1763 1507 1825 ignem,

190 1833 432 1880 Excubias
462 1833 638 1879 Divfim
660 1840 876 1887 aeternas,
903 1831 1246 1894 pecudumque
1272 1847 1442 1877 cruore

189 1900 371 1962 Pingue
392 1899 563 1955 solum,
591 1907 639 1945 et
665 1898 806 1944 variis
831 1897 1046 1945 florentia
1071 1897 1234 1944 limina
1259 1898 1406 1943 sertis.

190 1967 337 2028 Isque
361 1982 522 2012 amens
553 1964 696 2012 animi
724 1973 772 2011 et
796 1980 982 2010 rumore
1005 1980 1237 2011 accensus
1262 1980 1440 2018 amaro,

191 2033 380 2080 Dicitur
403 2041 511 2079 ante
537 2049 654 2088 aras,
684 2030 838 2077 media
864 2031 986 2077 inter
1009 2031 1201 2077 numina
1230 2028 1424 2086 Divfim,

192 2100 350 2146 Multa
373 2100 538 2147 Jovem
566 2098 786 2145 manibus
813 2097 1022 2160 supplex
1048 2098 1205 2144 orasse
1229 2097 1439 2160 supinis:

192 2167 377 2228 Jupiter
396 2166 719 2229 omnipotens,
747 2163 823 2210 cni
851 2181 977 2211 nunc
1006 2165 1248 2212 Maurusia
1274 2164 1422 2227 pictis

194 2233 327 2280 Gens
353 2233 548 2294 epulata
573 2231 685 2278 toris
714 2231 931 2277 Lenaeum
958 2232 1073 2278 libat
1094 2231 1341 2286 honorem,

194 2299 386 2361 Aspicis
400 2299 535 2346 haect
560 2315 617 2345 an
645 2308 706 2354 te,
729 2298 928 2361 genitor,
951 2298 1061 2346 cum
1078 2298 1275 2345 fulmina
1296 2306 1507 2359 torques,

195 2365 531 2427 Nequicquam
552 2365 829 2412 horremus?
854 2365 1070 2427 caecique
1086 2364 1132 2410 in
1150 2364 1359 2411 nubibus
1379 2365 1508 2426 ignes

193 2430 481 2479 Terrificant
507 2433 709 2488 animos,
738 2439 782 2478 et
809 2430 967 2478 inania
995 2447 1233 2479 murmura
1259 2431 1491 2478 miscent?
