1607 2700
555 74 812 109 AEnmnos
852 75 959 108 LtB.
990 74 1052 109 11.
1347 67 1435 108 133

145 197 208 242 At
229 211 323 242 non
348 195 442 250 ille,
468 200 620 240 satum
647 209 743 255 quo
767 200 812 238 te
838 192 1062 247 mentiris,
1085 190 1293 238 Achilles
1342 197 1437 238 540

143 262 275 307 Talis
301 262 345 307 in
372 261 504 306 hoste
530 259 620 305 fuit
646 259 865 312 Priamo3
892 257 975 304 sed
993 258 1107 318 jura
1132 259 1372 320 fidemque

145 327 384 390 Supplicis
401 326 604 376 erubuit,
625 341 893 387 corpusque
918 339 1154 385 exsangue
1181 325 1405 386 sepulcro

145 392 373 440 Reddidit
393 393 700 446 Hectoreum,
720 407 889 452 meque
903 390 947 436 in
963 406 1065 436 mea
1078 406 1219 450 regna
1238 390 1437 437 remisit.

144 459 224 506 Sic
251 458 376 504 fatus
402 459 573 514 senior,
600 458 844 519 telumque
870 456 1058 503 imbelle
1086 457 1181 502 sine
1208 456 1305 501 ictu

145 525 364 586 Conjecit
385 542 397 580 ;
419 541 564 571 rauco
590 523 716 586 quod
744 533 969 586 protenus
994 539 1086 569 aere
1110 523 1370 584 repulsum,

144 591 184 635 E
211 606 392 636 summo
423 591 580 653 clypei
607 592 924 652 nequicquam
942 590 1148 635 umbone
1165 588 1414 652 pependit.

141 656 232 703 Cui
260 657 486 718 Pyrrhus:
514 656 704 703 Referes
726 655 838 718 ergo
866 657 979 712 llaec,
1005 664 1052 702 et
1077 656 1267 702 nuntius
1292 655 1385 701 ibis

141 722 320 768 Pelidae
346 723 545 785 genitori
568 740 578 769 t
606 723 671 768 illi
695 739 799 768 mea
826 722 976 769 tristia
1002 722 1142 777 facta,

142 788 540 852 Degeneremque
574 789 943 851 Neoptolemum
971 804 1159 834 narrare
1186 782 1439 833 memento.

140 854 282 901 Nunc
304 871 498 902 morere.
570 856 690 902 Haec
721 855 901 909 dicens,
924 855 1091 901 altaria
1115 853 1176 900 ad
1212 854 1314 916 ipsa
1351 861 1442 899 tre-

272 930 477 968 mentem
1346 925 1442 968 550

140 988 320 1044 Traxit,
347 990 459 1034 etin
488 988 635 1034 multo
659 987 924 1050 lapsantem
948 986 1173 1048 sanguine
1198 986 1324 1039 nati;

141 1054 485 1117 Implicuitque
507 1071 693 1101 comam
722 1054 867 1108 [ων-ἔῃ
897 1053 1156 1114 dextraque
1183 1068 1440 1099 coruscum

141 1121 418 1175 Extulit‚·ac
444 1121 576 1167 lateri
602 1120 779 1183 capulo
807 1133 942 1166 tenus
969 1119 1153 1166 abdidit
1175 1136 1352 1166 ensem.

69 1184 71 1186 ¹
140 1187 262 1233 Haec
286 1186 392 1234 finis
417 1187 591 1234 Priami
616 1186 819 1233 fatorum
843 1203 853 1233 :
881 1186 956 1232 hic
983 1188 1134 1233 exitus
1157 1186 1286 1231 illum

141 1253 275 1300 Sorte
293 1254 632 1315 tulit‚Tr0jam
646 1253 886 1300 incensam
900 1260 948 1299 et
959 1254 1187 1315 prolapsa
1202 1252 1441 1298 videntem

141 1319 385 1381 Pergama,
398 1320 722 1380 totquondam
736 1319 929 1381 populis
941 1320 1168 1381 terrisque
1183 1318 1441 1380 superbum

141 1385 458 1448 Regnatorem
486 1386 639 1432 Asiae:
662 1385 798 1446 jacet
824 1387 982 1443 ingens
1010 1386 1165 1431 littore
1192 1393 1406 1440 truncuS,

140 1452 471 1515 Avulsumque
485 1452 691 1498 humeris
703 1459 866 1513 caput,
879 1459 925 1497 et
937 1452 1033 1498 sine
1049 1451 1233 1496 nomine
1246 1466 1438 1512 corpus.

208 1522 272 1565 At
294 1535 366 1564 me
384 1527 485 1566 tum
511 1516 713 1579 primum
739 1533 891 1563 saevus
911 1517 1225 1565 circumstetit
1245 1517 1439 1563 horror:

140 1583 415 1647 Obstupui:
444 1585 594 1631 subiit
619 1584 715 1630 cari
740 1585 964 1643 genitoris
990 1583 1164 1645 imago,
1345 1583 1440 1632 560

142 1651 208 1697 Ut
232 1667 388 1698 recem
409 1666 676 1712 aequaevum
703 1649 880 1696 crudeli
905 1650 1099 1697 vulnere
1124 1650 1221 1697 vidi

142 1689 651 1775 Vitatssexbalantem:
679 1716 821 1762 subiit
847 1715 1035 1763 deserta
1055 1719 1247 1774 Creusa,

142 1785 203 1831 Et
222 1784 407 1847 direpta
431 1783 620 1839 domus,
648 1791 695 1830 et
721 1783 856 1846 parvi
877 1800 1014 1829 casus
1037 1783 1143 1830 Iuli.

142 1850 385 1913 Respicio,
403 1857 468 1907 et,
496 1866 603 1912 quae
629 1850 688 1896 sit
714 1866 784 1894 me
810 1849 992 1896 circum
1019 1850 1179 1911 copia,
1201 1849 1370 1896 lustr0.

142 1918 403 1964 Deseruere
427 1933 594 1962 omnes
617 1914 806 1970 defessi,
832 1923 877 1960 et
904 1932 1105 1978 corpora
1129 1919 1251 1962 saltu

142 1984 216 2029 Ad
246 1993 414 2030 terram
443 1984 626 2037 misere,
654 1992 737 2029 ant
763 1982 953 2043 ignibus
981 1999 1104 2039 aegra
1132 1982 1328 2029 dedere.
1356 1984 1438 2045 [tae

142 2050 342 2112 Jamque
367 2049 485 2095 adeo
513 2064 652 2110 super
679 2065 798 2094 uuus
824 2065 967 2103 eram,
998 2048 1108 2093 cum
1134 2049 1292 2095 limina
1326 2051 1431 2096 Ves-

144 2116 435 2172 Servantem,
463 2124 511 2162 et
535 2116 730 2162 tacitam
753 2117 928 2161 secreta
949 2115 990 2160 in
1018 2115 1126 2161 sede
1149 2117 1373 2163 latentem

143 2183 415 2243 Tyndarida
439 2182 651 2245 aspicio:
679 2182 793 2227 dant
812 2182 936 2227 clara
961 2181 1178 2229 incendia
1199 2182 1355 2228 lucem

147 2249 633 2312 Erranti,passimque
653 2248 822 2294 oculos
842 2264 926 2309 per
946 2260 1119 2294 cuncta
1136 2248 1315 2295 ferenti.
1346 2256 1437 2303 570

147 2314 247 2369 llla,
274 2315 365 2361 sibi
390 2314 584 2361 infestos
607 2331 771 2360 eversa
797 2315 857 2360 ob
884 2314 1111 2377 Pergama
1134 2316 1370 2372 Teucros,

152 2384 210 2426 Et
235 2395 398 2440 poenas
425 2382 659 2437 Danaum,
681 2389 727 2426 et
752 2379 924 2426 deserti
942 2381 1162 2442 conjugis
1183 2382 1275 2427 iras

152 2447 473 2503 Praemetuens,
493 2447 656 2508 Trojae
676 2456 721 2492 et
744 2447 906 2507 putriae
927 2447 1189 2493 communis
1221 2448 1437 2510 Erinnys,

155 2511 421 2559 Abdiderut
446 2530 560 2568 sese,
587 2522 731 2572 atque
756 2513 845 2559 aris
872 2514 1018 2560 invisa
1045 2515 1256 2561 sedebat.

721 2575 825 2628 DS
