<?xml version="1.0" encoding="UTF-8"?>
<!DOCTYPE html PUBLIC "-//W3C//DTD XHTML 1.0 Transitional//EN"
    "http://www.w3.org/TR/xhtml1/DTD/xhtml1-transitional.dtd">
<html xmlns="http://www.w3.org/1999/xhtml" xml:lang="en" lang="en">
 <head>
  <title>
</title>
<meta http-equiv="Content-Type" content="text/html;charset=utf-8" />
  <meta name='ocr-system' content='tesseract 3.04.00' />
  <meta name='ocr-capabilities' content='ocr_page ocr_carea ocr_par ocr_line ocrx_word'/>
</head>
<body>
  <div class='ocr_page' id='page_1' title='image "./operaadfidemopti00virguoft/operaadfidemopti00virguoft_0291.png"; bbox 0 0 1607 2700; ppageno 0'>
   <div class='ocr_carea' id='block_1_1' title="bbox 554 108 1441 158">
    <p class='ocr_par' dir='ltr' id='par_1_1' title="bbox 554 108 1441 158">
     <span class='ocr_line' id='line_1_1' title="bbox 554 108 1441 158; baseline 0 -7"><span class='ocrx_word' id='word_1_1' title='bbox 554 115 814 151; x_wconf 69' lang='lat' dir='ltr'><strong>AENnmos</strong></span> <span class='ocrx_word' id='word_1_2' title='bbox 842 116 949 149; x_wconf 78' lang='lat' dir='ltr'><strong>mss.</strong></span> <span class='ocrx_word' id='word_1_3' title='bbox 991 116 1068 149; x_wconf 79' lang='lat' dir='ltr'><strong>rx.</strong></span> <span class='ocrx_word' id='word_1_4' title='bbox 1349 108 1441 158; x_wconf 74' lang='lat'><strong>287</strong></span> 
     </span>
    </p>
   </div>
   <div class='ocr_carea' id='block_1_2' title="bbox 137 235 1442 2568">
    <p class='ocr_par' dir='ltr' id='par_1_2' title="bbox 137 235 1442 2568">
     <span class='ocr_line' id='line_1_2' title="bbox 149 235 1442 298; baseline -0.006 -9"><span class='ocrx_word' id='word_1_5' title='bbox 149 241 254 288; x_wconf 88' lang='lat' dir='ltr'><strong>Nec</strong></span> <span class='ocrx_word' id='word_1_6' title='bbox 279 240 380 297; x_wconf 84' lang='lat' dir='ltr'><strong>sas;</strong></span> <span class='ocrx_word' id='word_1_7' title='bbox 407 252 523 285; x_wconf 90' lang='lat' dir='ltr'><strong>non·</strong></span> <span class='ocrx_word' id='word_1_8' title='bbox 547 236 612 284; x_wconf 92' lang='lat' dir='ltr'><strong>ita</strong></span> <span class='ocrx_word' id='word_1_9' title='bbox 627 254 702 283; x_wconf 90' lang='lat' dir='ltr'><strong>me</strong></span> <span class='ocrx_word' id='word_1_10' title='bbox 713 235 983 296; x_wconf 86' lang='lat' dir='ltr'><strong>referattibi</strong></span> <span class='ocrx_word' id='word_1_11' title='bbox 1001 251 1197 298; x_wconf 86' lang='lat' dir='ltr'><strong>magnus</strong></span> <span class='ocrx_word' id='word_1_12' title='bbox 1223 242 1442 282; x_wconf 87' lang='lat' dir='ltr'><strong>ovantem</strong></span> 
     </span>
     <span class='ocr_line' id='line_1_3' title="bbox 147 294 1441 370; baseline -0.005 -15"><span class='ocrx_word' id='word_1_13' title='bbox 147 308 352 370; x_wconf 85' lang='lat' dir='ltr'>Jupiter,</span> <span class='ocrx_word' id='word_1_14' title='bbox 379 312 459 352; x_wconf 86' lang='lat' dir='ltr'><strong>aut</strong></span> <span class='ocrx_word' id='word_1_15' title='bbox 483 300 756 366; x_wconf 87' lang='lat' dir='ltr'><strong>quicunque</strong></span> <span class='ocrx_word' id='word_1_16' title='bbox 781 294 930 350; x_wconf 88' lang='lat' dir='ltr'><strong>oculis</strong></span> <span class='ocrx_word' id='word_1_17' title='bbox 957 301 1060 348; x_wconf 88' lang='lat' dir='ltr'><strong>haec</strong></span> <span class='ocrx_word' id='word_1_18' title='bbox 1084 304 1251 365; x_wconf 85' lang='lat' dir='ltr'>aspicit</span> <span class='ocrx_word' id='word_1_19' title='bbox 1275 301 1441 364; x_wconf 85' lang='lat' dir='ltr'><strong>aequis.</strong></span> 
     </span>
     <span class='ocr_line' id='line_1_4' title="bbox 149 367 1440 433; baseline -0.005 -12"><span class='ocrx_word' id='word_1_20' title='bbox 149 375 242 421; x_wconf 88' lang='lat' dir='ltr'><strong>Sed</strong></span> <span class='ocrx_word' id='word_1_21' title='bbox 270 373 306 420; x_wconf 93' lang='lat' dir='ltr'><strong>si</strong></span> <span class='ocrx_word' id='word_1_22' title='bbox 332 372 436 433; x_wconf 88' lang='lat' dir='ltr'><strong>quis</strong></span> <span class='ocrx_word' id='word_1_23' title='bbox 460 375 588 433; x_wconf 89' lang='lat' dir='ltr'><strong>(quae</strong></span> <span class='ocrx_word' id='word_1_24' title='bbox 615 370 760 417; x_wconf 90' lang='lat' dir='ltr'><strong>multa</strong></span> <span class='ocrx_word' id='word_1_25' title='bbox 780 371 908 418; x_wconf 87' lang='lat' dir='ltr'><strong>vides</strong></span> <span class='ocrx_word' id='word_1_26' title='bbox 935 367 1199 417; x_wconf 83' lang='lat' dir='ltr'>discrimine</span> <span class='ocrx_word' id='word_1_27' title='bbox 1226 369 1343 428; x_wconf 87' lang='lat' dir='ltr'><strong>tali),</strong></span> <span class='ocrx_word' id='word_1_28' title='bbox 1350 375 1440 417; x_wconf 78' lang='lat'><strong>210</strong></span> 
     </span>
     <span class='ocr_line' id='line_1_5' title="bbox 148 437 1310 502; baseline -0.003 -17"><span class='ocrx_word' id='word_1_29' title='bbox 148 440 199 485; x_wconf 86' lang='lat' dir='ltr'><strong>Si</strong></span> <span class='ocrx_word' id='word_1_30' title='bbox 226 439 333 502; x_wconf 92' lang='lat' dir='ltr'><strong>quis</strong></span> <span class='ocrx_word' id='word_1_31' title='bbox 359 438 405 484; x_wconf 92' lang='lat' dir='ltr'><strong>in</strong></span> <span class='ocrx_word' id='word_1_32' title='bbox 427 438 679 485; x_wconf 81' lang='lat' dir='ltr'><strong>adversum</strong></span> <span class='ocrx_word' id='word_1_33' title='bbox 700 439 854 500; x_wconf 86' lang='lat' dir='ltr'><strong>rapiat</strong></span> <span class='ocrx_word' id='word_1_34' title='bbox 878 452 1076 484; x_wconf 80' lang='lat' dir='ltr'>casusve</span> <span class='ocrx_word' id='word_1_35' title='bbox 1101 437 1310 492; x_wconf 85' lang='lat' dir='ltr'><strong>Densve,</strong></span> 
     </span>
     <span class='ocr_line' id='line_1_6' title="bbox 147 503 1278 568; baseline -0.004 -16"><span class='ocrx_word' id='word_1_36' title='bbox 147 507 220 552; x_wconf 94' lang='lat' dir='ltr'><strong>Te</strong></span> <span class='ocrx_word' id='word_1_37' title='bbox 247 520 488 568; x_wconf 86' lang='lat' dir='ltr'><strong>superesse</strong></span> <span class='ocrx_word' id='word_1_38' title='bbox 509 505 647 552; x_wconf 87' lang='lat' dir='ltr'><strong>velim</strong></span> <span class='ocrx_word' id='word_1_39' title='bbox 674 521 684 550; x_wconf 77' lang='grc' dir='ltr'>ε</span> <span class='ocrx_word' id='word_1_40' title='bbox 711 514 794 551; x_wconf 80' lang='lat' dir='ltr'><strong>tua</strong></span> <span class='ocrx_word' id='word_1_41' title='bbox 817 504 913 550; x_wconf 68' lang='lat' dir='ltr'><strong>vita</strong></span> <span class='ocrx_word' id='word_1_42' title='bbox 939 503 1123 566; x_wconf 83' lang='lat' dir='ltr'>dignior</span> <span class='ocrx_word' id='word_1_43' title='bbox 1146 512 1278 550; x_wconf 78' lang='lat' dir='ltr'><strong>aetas.</strong></span> 
     </span>
     <span class='ocr_line' id='line_1_7' title="bbox 148 570 1384 634; baseline -0.004 -16"><span class='ocrx_word' id='word_1_44' title='bbox 148 571 233 629; x_wconf 82' lang='lat' dir='ltr'><strong>Sit,</strong></span> <span class='ocrx_word' id='word_1_45' title='bbox 255 573 337 634; x_wconf 91' lang='lat' dir='ltr'><strong>qui</strong></span> <span class='ocrx_word' id='word_1_46' title='bbox 358 587 431 619; x_wconf 92' lang='lat' dir='ltr'><strong>me</strong></span> <span class='ocrx_word' id='word_1_47' title='bbox 454 579 646 634; x_wconf 86' lang='lat' dir='ltr'><strong>raptum</strong></span> <span class='ocrx_word' id='word_1_48' title='bbox 672 571 849 633; x_wconf 73' lang='lat' dir='ltr'><strong>pugna,</strong></span> <span class='ocrx_word' id='word_1_49' title='bbox 871 571 1085 633; x_wconf 88' lang='lat' dir='ltr'><strong>pretiove</strong></span> <span class='ocrx_word' id='word_1_50' title='bbox 1104 570 1384 623; x_wconf 87' lang='lat' dir='ltr'><strong>redemtum,</strong></span> 
     </span>
     <span class='ocr_line' id='line_1_8' title="bbox 147 634 1441 700; baseline -0.004 -15"><span class='ocrx_word' id='word_1_51' title='bbox 147 637 506 686; x_wconf 87' lang='lat' dir='ltr'><strong>Mandethumo</strong></span> <span class='ocrx_word' id='word_1_52' title='bbox 532 638 806 694; x_wconf 58' lang='lat' dir='ltr'><strong>solit313aut,</strong></span> <span class='ocrx_word' id='word_1_53' title='bbox 821 638 860 683; x_wconf 91' lang='lat' dir='ltr'><strong>si</strong></span> <span class='ocrx_word' id='word_1_54' title='bbox 875 637 1025 700; x_wconf 89' lang='lat' dir='ltr'><strong>quaid</strong></span> <span class='ocrx_word' id='word_1_55' title='bbox 1041 636 1228 684; x_wconf 86' lang='lat' dir='ltr'><strong>fortuna</strong></span> <span class='ocrx_word' id='word_1_56' title='bbox 1245 634 1441 690; x_wconf 87' lang='lat' dir='ltr'><strong>vetabit,</strong></span> 
     </span>
     <span class='ocr_line' id='line_1_9' title="bbox 146 703 1297 767; baseline -0.001 -17"><span class='ocrx_word' id='word_1_57' title='bbox 146 705 348 752; x_wconf 85' lang='lat' dir='ltr'><strong>Absenti</strong></span> <span class='ocrx_word' id='word_1_58' title='bbox 367 704 490 752; x_wconf 84' lang='lat' dir='ltr'><strong>ferat</strong></span> <span class='ocrx_word' id='word_1_59' title='bbox 513 703 719 759; x_wconf 79' lang='lat' dir='ltr'><strong>inferias,</strong></span> <span class='ocrx_word' id='word_1_60' title='bbox 745 705 1034 766; x_wconf 88' lang='lat' dir='ltr'><strong>decoretque</strong></span> <span class='ocrx_word' id='word_1_61' title='bbox 1060 705 1297 767; x_wconf 85' lang='lat' dir='ltr'><strong>sepulcro.</strong></span> 
     </span>
     <span class='ocr_line' id='line_1_10' title="bbox 143 770 1265 819; baseline 0 -1"><span class='ocrx_word' id='word_1_62' title='bbox 143 770 252 818; x_wconf 89' lang='lat' dir='ltr'><strong>Neu</strong></span> <span class='ocrx_word' id='word_1_63' title='bbox 279 772 417 819; x_wconf 88' lang='lat' dir='ltr'><strong>matri</strong></span> <span class='ocrx_word' id='word_1_64' title='bbox 442 772 621 818; x_wconf 89' lang='lat' dir='ltr'><strong>miserae</strong></span> <span class='ocrx_word' id='word_1_65' title='bbox 646 772 766 818; x_wconf 87' lang='lat' dir='ltr'><strong>tanti</strong></span> <span class='ocrx_word' id='word_1_66' title='bbox 783 772 865 818; x_wconf 89' lang='lat' dir='ltr'><strong>sim</strong></span> <span class='ocrx_word' id='word_1_67' title='bbox 892 787 1035 817; x_wconf 88' lang='lat' dir='ltr'><strong>causa</strong></span> <span class='ocrx_word' id='word_1_68' title='bbox 1060 770 1265 818; x_wconf 88' lang='lat' dir='ltr'><strong>doloris:</strong></span> 
     </span>
     <span class='ocr_line' id='line_1_11' title="bbox 147 837 1277 901; baseline 0 -18"><span class='ocrx_word' id='word_1_69' title='bbox 147 837 270 891; x_wconf 87' lang='lat' dir='ltr'><strong>Quae</strong></span> <span class='ocrx_word' id='word_1_70' title='bbox 296 845 342 885; x_wconf 88' lang='lat' dir='ltr'><strong>te</strong></span> <span class='ocrx_word' id='word_1_71' title='bbox 367 838 481 895; x_wconf 89' lang='lat' dir='ltr'><strong>sola,</strong></span> <span class='ocrx_word' id='word_1_72' title='bbox 497 855 630 901; x_wconf 88' lang='lat' dir='ltr'><strong>puer,</strong></span> <span class='ocrx_word' id='word_1_73' title='bbox 657 839 816 885; x_wconf 90' lang='lat' dir='ltr'><strong>multis</strong></span> <span class='ocrx_word' id='word_1_74' title='bbox 841 855 867 885; x_wconf 89' lang='lat' dir='ltr'><strong>e</strong></span> <span class='ocrx_word' id='word_1_75' title='bbox 887 837 1117 884; x_wconf 89' lang='lat' dir='ltr'><strong>matribus</strong></span> <span class='ocrx_word' id='word_1_76' title='bbox 1143 853 1277 894; x_wconf 81' lang='lat' dir='ltr'><strong>ausa,</strong></span> 
     </span>
     <span class='ocr_line' id='line_1_12' title="bbox 143 903 1353 968; baseline 0.001 -19"><span class='ocrx_word' id='word_1_77' title='bbox 143 903 451 967; x_wconf 80' lang='lat' dir='ltr'><strong>Prosequitur</strong></span> <span class='ocrx_word' id='word_1_78' title='bbox 471 922 482 958; x_wconf 93' lang='lat'>;</span> <span class='ocrx_word' id='word_1_79' title='bbox 503 905 662 968; x_wconf 83' lang='lat' dir='ltr'><strong>magni</strong></span> <span class='ocrx_word' id='word_1_80' title='bbox 685 921 775 952; x_wconf 91' lang='lat' dir='ltr'><strong>nec</strong></span> <span class='ocrx_word' id='word_1_81' title='bbox 801 904 972 951; x_wconf 86' lang='lat' dir='ltr'><strong>moenia</strong></span> <span class='ocrx_word' id='word_1_82' title='bbox 991 912 1129 951; x_wconf 88' lang='lat' dir='ltr'><strong>curat</strong></span> <span class='ocrx_word' id='word_1_83' title='bbox 1147 907 1353 950; x_wconf 83' lang='lat' dir='ltr'><strong>Acestae.</strong></span> 
     </span>
     <span class='ocr_line' id='line_1_13' title="bbox 144 970 1373 1033; baseline 0.001 -18"><span class='ocrx_word' id='word_1_84' title='bbox 144 970 231 1017; x_wconf 90' lang='lat' dir='ltr'><strong>Ille</strong></span> <span class='ocrx_word' id='word_1_85' title='bbox 257 979 417 1018; x_wconf 80' lang='lat' dir='ltr'><strong>autem</strong></span> <span class='ocrx_word' id='word_1_86' title='bbox 438 988 448 1017; x_wconf 94' lang='lat'>:</span> <span class='ocrx_word' id='word_1_87' title='bbox 471 974 650 1020; x_wconf 86' lang='lat' dir='ltr'><strong>Causas</strong></span> <span class='ocrx_word' id='word_1_88' title='bbox 675 972 997 1033; x_wconf 83' lang='lat' dir='ltr'><strong>nequicquam</strong></span> <span class='ocrx_word' id='word_1_89' title='bbox 1022 971 1172 1017; x_wconf 89' lang='lat' dir='ltr'><strong>nectis</strong></span> <span class='ocrx_word' id='word_1_90' title='bbox 1198 971 1373 1025; x_wconf 90' lang='lat' dir='ltr'><strong>inanes,</strong></span> 
     </span>
     <span class='ocr_line' id='line_1_14' title="bbox 143 1036 1442 1099; baseline 0 -17"><span class='ocrx_word' id='word_1_91' title='bbox 143 1036 247 1082; x_wconf 89' lang='lat' dir='ltr'><strong>Nec</strong></span> <span class='ocrx_word' id='word_1_92' title='bbox 272 1053 375 1084; x_wconf 87' lang='lat' dir='ltr'><strong>mea</strong></span> <span class='ocrx_word' id='word_1_93' title='bbox 392 1037 496 1099; x_wconf 87' lang='lat' dir='ltr'><strong>jam</strong></span> <span class='ocrx_word' id='word_1_94' title='bbox 523 1045 705 1086; x_wconf 88' lang='lat' dir='ltr'><strong>mutata</strong></span> <span class='ocrx_word' id='word_1_95' title='bbox 730 1039 834 1085; x_wconf 92' lang='lat' dir='ltr'><strong>loco</strong></span> <span class='ocrx_word' id='word_1_96' title='bbox 860 1037 1094 1085; x_wconf 87' lang='lat' dir='ltr'><strong>sententia</strong></span> <span class='ocrx_word' id='word_1_97' title='bbox 1117 1036 1259 1083; x_wconf 87' lang='lat' dir='ltr'><strong>cedit.</strong></span> <span class='ocrx_word' id='word_1_98' title='bbox 1347 1043 1442 1084; x_wconf 74' lang='lat'><strong>2‘20</strong></span> 
     </span>
     <span class='ocr_line' id='line_1_15' title="bbox 143 1103 1345 1168; baseline 0.001 -20"><span class='ocrx_word' id='word_1_99' title='bbox 143 1104 499 1160; x_wconf 88' lang='lat' dir='ltr'><strong>Acceleremus,</strong></span> <span class='ocrx_word' id='word_1_100' title='bbox 526 1105 608 1152; x_wconf 84' lang='lat' dir='ltr'><strong>ait.</strong></span> <span class='ocrx_word' id='word_1_101' title='bbox 678 1105 851 1168; x_wconf 84' lang='lat' dir='ltr'><strong>Vigiles</strong></span> <span class='ocrx_word' id='word_1_102' title='bbox 876 1104 1012 1151; x_wconf 89' lang='lat' dir='ltr'><strong>simul</strong></span> <span class='ocrx_word' id='word_1_103' title='bbox 1035 1104 1216 1150; x_wconf 85' lang='lat' dir='ltr'><strong>excitat</strong></span> <span class='ocrx_word' id='word_1_104' title='bbox 1240 1120 1250 1150; x_wconf 73' lang='grc' dir='ltr'>ε</span> <span class='ocrx_word' id='word_1_105' title='bbox 1277 1103 1345 1150; x_wconf 92' lang='lat' dir='ltr'><strong>illi</strong></span> 
     </span>
     <span class='ocr_line' id='line_1_16' title="bbox 143 1170 1373 1233; baseline 0.002 -18"><span class='ocrx_word' id='word_1_106' title='bbox 143 1170 437 1227; x_wconf 88' lang='lat' dir='ltr'><strong>Succedunt,</strong></span> <span class='ocrx_word' id='word_1_107' title='bbox 458 1178 744 1233; x_wconf 84' lang='lat' dir='ltr'><strong>servantque</strong></span> <span class='ocrx_word' id='word_1_108' title='bbox 770 1172 930 1218; x_wconf 90' lang='lat' dir='ltr'><strong>vices:</strong></span> <span class='ocrx_word' id='word_1_109' title='bbox 960 1171 1164 1217; x_wconf 87' lang='lat' dir='ltr'><strong>statione</strong></span> <span class='ocrx_word' id='word_1_110' title='bbox 1188 1171 1373 1226; x_wconf 86' lang='lat' dir='ltr'><strong>relicta,</strong></span> 
     </span>
     <span class='ocr_line' id='line_1_17' title="bbox 142 1236 1374 1301; baseline 0.001 -19"><span class='ocrx_word' id='word_1_111' title='bbox 142 1236 251 1298; x_wconf 92' lang='lat' dir='ltr'><strong>Ipse</strong></span> <span class='ocrx_word' id='word_1_112' title='bbox 277 1253 437 1284; x_wconf 88' lang='lat' dir='ltr'><strong>comes</strong></span> <span class='ocrx_word' id='word_1_113' title='bbox 457 1237 576 1284; x_wconf 89' lang='lat' dir='ltr'><strong>Niso</strong></span> <span class='ocrx_word' id='word_1_114' title='bbox 597 1239 822 1300; x_wconf 86' lang='lat' dir='ltr'><strong>graditur,</strong></span> <span class='ocrx_word' id='word_1_115' title='bbox 843 1254 1099 1301; x_wconf 78' lang='lat' dir='ltr'><strong>regemque</strong></span> <span class='ocrx_word' id='word_1_116' title='bbox 1115 1238 1374 1299; x_wconf 86' lang='lat' dir='ltr'><strong>requirunt.</strong></span> 
     </span>
     <span class='ocr_line' id='line_1_18' title="bbox 208 1302 1277 1368; baseline 0.002 -20"><span class='ocrx_word' id='word_1_117' title='bbox 208 1302 378 1351; x_wconf 85' lang='lat' dir='ltr'><strong>Cetera</strong></span> <span class='ocrx_word' id='word_1_118' title='bbox 401 1320 488 1368; x_wconf 89' lang='lat' dir='ltr'><strong>per</strong></span> <span class='ocrx_word' id='word_1_119' title='bbox 511 1312 659 1351; x_wconf 85' lang='lat' dir='ltr'><strong>terras</strong></span> <span class='ocrx_word' id='word_1_120' title='bbox 684 1321 844 1352; x_wconf 83' lang='lat' dir='ltr'><strong>omnes</strong></span> <span class='ocrx_word' id='word_1_121' title='bbox 868 1305 1087 1351; x_wconf 82' lang='lat' dir='ltr'><strong>animalia</strong></span> <span class='ocrx_word' id='word_1_122' title='bbox 1112 1320 1277 1350; x_wconf 88' lang='lat' dir='ltr'><strong>somno</strong></span> 
     </span>
     <span class='ocr_line' id='line_1_19' title="bbox 144 1370 1243 1426; baseline 0.002 -12"><span class='ocrx_word' id='word_1_123' title='bbox 144 1370 390 1417; x_wconf 79' lang='lat' dir='ltr'><strong>Laxabant</strong></span> <span class='ocrx_word' id='word_1_124' title='bbox 413 1386 564 1426; x_wconf 83' lang='lat' dir='ltr'><strong>curaS,</strong></span> <span class='ocrx_word' id='word_1_125' title='bbox 590 1379 635 1417; x_wconf 89' lang='lat' dir='ltr'><strong>et</strong></span> <span class='ocrx_word' id='word_1_126' title='bbox 653 1371 800 1418; x_wconf 88' lang='lat' dir='ltr'><strong>corda</strong></span> <span class='ocrx_word' id='word_1_127' title='bbox 825 1371 976 1418; x_wconf 88' lang='lat' dir='ltr'><strong>oblita</strong></span> <span class='ocrx_word' id='word_1_128' title='bbox 1001 1370 1243 1417; x_wconf 86' lang='lat' dir='ltr'><strong>laborum:</strong></span> 
     </span>
     <span class='ocr_line' id='line_1_20' title="bbox 142 1437 1371 1501; baseline 0.001 -20"><span class='ocrx_word' id='word_1_129' title='bbox 142 1437 380 1483; x_wconf 87' lang='lat' dir='ltr'><strong>Ductores</strong></span> <span class='ocrx_word' id='word_1_130' title='bbox 404 1437 647 1484; x_wconf 90' lang='lat' dir='ltr'><strong>Teucrum</strong></span> <span class='ocrx_word' id='word_1_131' title='bbox 673 1438 829 1501; x_wconf 88' lang='lat' dir='ltr'><strong>primi,</strong></span> <span class='ocrx_word' id='word_1_132' title='bbox 851 1446 897 1484; x_wconf 89' lang='lat' dir='ltr'><strong>et</strong></span> <span class='ocrx_word' id='word_1_133' title='bbox 922 1437 1107 1484; x_wconf 88' lang='lat' dir='ltr'><strong>delecta</strong></span> <span class='ocrx_word' id='word_1_134' title='bbox 1124 1437 1371 1499; x_wconf 89' lang='lat' dir='ltr'><strong>juventus,</strong></span> 
     </span>
     <span class='ocr_line' id='line_1_21' title="bbox 142 1502 1307 1568; baseline 0.003 -20"><span class='ocrx_word' id='word_1_135' title='bbox 142 1502 401 1549; x_wconf 77' lang='lat' dir='ltr'><strong>Consilium</strong></span> <span class='ocrx_word' id='word_1_136' title='bbox 426 1503 619 1550; x_wconf 88' lang='lat' dir='ltr'><strong>summis</strong></span> <span class='ocrx_word' id='word_1_137' title='bbox 642 1506 774 1568; x_wconf 87' lang='lat' dir='ltr'><strong>regni</strong></span> <span class='ocrx_word' id='word_1_138' title='bbox 798 1506 859 1552; x_wconf 85' lang='lat' dir='ltr'><strong>de</strong></span> <span class='ocrx_word' id='word_1_139' title='bbox 885 1505 1024 1550; x_wconf 89' lang='lat' dir='ltr'><strong>rebus</strong></span> <span class='ocrx_word' id='word_1_140' title='bbox 1046 1504 1307 1559; x_wconf 79' lang='lat' dir='ltr'><strong>habebant,</strong></span> 
     </span>
     <span class='ocr_line' id='line_1_22' title="bbox 141 1568 1404 1632; baseline 0 -16"><span class='ocrx_word' id='word_1_141' title='bbox 141 1569 271 1624; x_wconf 85' lang='lat' dir='ltr'><strong>Quid</strong></span> <span class='ocrx_word' id='word_1_142' title='bbox 296 1568 530 1626; x_wconf 87' lang='lat' dir='ltr'><strong>facerent,</strong></span> <span class='ocrx_word' id='word_1_143' title='bbox 557 1570 721 1632; x_wconf 83' lang='lat' dir='ltr'><strong>quisve</strong></span> <span class='ocrx_word' id='word_1_144' title='bbox 737 1573 896 1618; x_wconf 86' lang='lat' dir='ltr'><strong>AEneae</strong></span> <span class='ocrx_word' id='word_1_145' title='bbox 914 1571 1017 1632; x_wconf 86' lang='lat' dir='ltr'><strong>jam</strong></span> <span class='ocrx_word' id='word_1_146' title='bbox 1042 1571 1243 1617; x_wconf 88' lang='lat' dir='ltr'><strong>nuncius</strong></span> <span class='ocrx_word' id='word_1_147' title='bbox 1268 1578 1404 1618; x_wconf 88' lang='lat' dir='ltr'><strong>esset.</strong></span> 
     </span>
     <span class='ocr_line' id='line_1_23' title="bbox 140 1635 1315 1699; baseline 0.002 -17"><span class='ocrx_word' id='word_1_148' title='bbox 140 1637 276 1683; x_wconf 82' lang='lat' dir='ltr'><strong>Stant</strong></span> <span class='ocrx_word' id='word_1_149' title='bbox 301 1635 453 1699; x_wconf 87' lang='lat' dir='ltr'><strong>longis</strong></span> <span class='ocrx_word' id='word_1_150' title='bbox 478 1635 636 1682; x_wconf 83' lang='lat' dir='ltr'><strong>adnixi</strong></span> <span class='ocrx_word' id='word_1_151' title='bbox 664 1637 827 1694; x_wconf 81' lang='lat' dir='ltr'><strong>hastis,</strong></span> <span class='ocrx_word' id='word_1_152' title='bbox 854 1644 901 1684; x_wconf 91' lang='lat' dir='ltr'><strong>et</strong></span> <span class='ocrx_word' id='word_1_153' title='bbox 926 1646 1061 1684; x_wconf 90' lang='lat' dir='ltr'><strong>scuta</strong></span> <span class='ocrx_word' id='word_1_154' title='bbox 1085 1645 1315 1694; x_wconf 85' lang='lat' dir='ltr'><strong>tenentes,</strong></span> 
     </span>
     <span class='ocr_line' id='line_1_24' title="bbox 141 1703 1439 1765; baseline 0.002 -17"><span class='ocrx_word' id='word_1_155' title='bbox 141 1703 417 1749; x_wconf 86' lang='lat' dir='ltr'><strong>Castrorum</strong></span> <span class='ocrx_word' id='word_1_156' title='bbox 443 1711 492 1749; x_wconf 91' lang='lat' dir='ltr'><strong>et</strong></span> <span class='ocrx_word' id='word_1_157' title='bbox 517 1704 676 1765; x_wconf 89' lang='lat' dir='ltr'><strong>campi</strong></span> <span class='ocrx_word' id='word_1_158' title='bbox 700 1704 874 1752; x_wconf 90' lang='lat' dir='ltr'><strong>medio.</strong></span> <span class='ocrx_word' id='word_1_159' title='bbox 945 1705 1071 1751; x_wconf 90' lang='lat' dir='ltr'><strong>Tum</strong></span> <span class='ocrx_word' id='word_1_160' title='bbox 1095 1704 1258 1760; x_wconf 89' lang='lat' dir='ltr'><strong>Nisus,</strong></span> <span class='ocrx_word' id='word_1_161' title='bbox 1276 1713 1323 1751; x_wconf 91' lang='lat' dir='ltr'><strong>ct</strong></span> <span class='ocrx_word' id='word_1_162' title='bbox 1347 1704 1439 1751; x_wconf 65' lang='lat' dir='ltr'><strong>una</strong></span> 
     </span>
     <span class='ocr_line' id='line_1_25' title="bbox 138 1768 1430 1832; baseline 0.002 -17"><span class='ocrx_word' id='word_1_163' title='bbox 138 1769 391 1832; x_wconf 73' lang='lat' dir='ltr'><strong>Euryalus,</strong></span> <span class='ocrx_word' id='word_1_164' title='bbox 415 1768 668 1817; x_wconf 88' lang='lat' dir='ltr'><strong>confestim</strong></span> <span class='ocrx_word' id='word_1_165' title='bbox 686 1772 872 1820; x_wconf 87' lang='lat' dir='ltr'><strong>alacres</strong></span> <span class='ocrx_word' id='word_1_166' title='bbox 895 1770 1129 1818; x_wconf 88' lang='lat' dir='ltr'><strong>admittier</strong></span> <span class='ocrx_word' id='word_1_167' title='bbox 1149 1778 1281 1818; x_wconf 89' lang='lat' dir='ltr'><strong>orant</strong></span> <span class='ocrx_word' id='word_1_168' title='bbox 1303 1788 1314 1819; x_wconf 70' lang='grc' dir='ltr'><strong><em>ε</em></strong></span> <span class='ocrx_word' id='word_1_169' title='bbox 1344 1777 1430 1820; x_wconf 76' lang='lat'><strong>231</strong></span> 
     </span>
     <span class='ocr_line' id='line_1_26' title="bbox 138 1834 1436 1900; baseline 0.001 -18"><span class='ocrx_word' id='word_1_170' title='bbox 138 1834 258 1882; x_wconf 87' lang='lat' dir='ltr'><strong>Rem</strong></span> <span class='ocrx_word' id='word_1_171' title='bbox 277 1837 820 1900; x_wconf 87' lang='lat' dir='ltr'><strong>magnam‚pretiumque</strong></span> <span class='ocrx_word' id='word_1_172' title='bbox 832 1854 978 1884; x_wconf 87' lang='lat' dir='ltr'><strong>morae</strong></span> <span class='ocrx_word' id='word_1_173' title='bbox 990 1836 1103 1884; x_wconf 88' lang='lat' dir='ltr'><strong>fore.</strong></span> <span class='ocrx_word' id='word_1_174' title='bbox 1116 1838 1240 1884; x_wconf 82' lang='lat' dir='ltr'><strong>Prin]</strong></span> <span class='ocrx_word' id='word_1_175' title='bbox 1251 1839 1436 1885; x_wconf 78' lang='lat' dir='ltr'><strong>uslulus</strong></span> 
     </span>
     <span class='ocr_line' id='line_1_27' title="bbox 138 1901 1238 1966; baseline 0.004 -19"><span class='ocrx_word' id='word_1_176' title='bbox 138 1901 339 1964; x_wconf 86' lang='lat' dir='ltr'><strong>Accepit</strong></span> <span class='ocrx_word' id='word_1_177' title='bbox 364 1902 592 1964; x_wconf 82' lang='lat' dir='ltr'><strong>trepid05‚</strong></span> <span class='ocrx_word' id='word_1_178' title='bbox 621 1920 679 1951; x_wconf 84' lang='lat' dir='ltr'><strong>ac</strong></span> <span class='ocrx_word' id='word_1_179' title='bbox 707 1905 873 1952; x_wconf 88' lang='lat' dir='ltr'><strong>Nisum</strong></span> <span class='ocrx_word' id='word_1_180' title='bbox 895 1903 1053 1950; x_wconf 90' lang='lat' dir='ltr'><strong>dicere</strong></span> <span class='ocrx_word' id='word_1_181' title='bbox 1072 1904 1238 1966; x_wconf 88' lang='lat' dir='ltr'><strong>jussit.</strong></span> 
     </span>
     <span class='ocr_line' id='line_1_28' title="bbox 137 1967 1415 2033; baseline 0.002 -19"><span class='ocrx_word' id='word_1_182' title='bbox 137 1967 265 2015; x_wconf 89' lang='lat' dir='ltr'><strong>Tum</strong></span> <span class='ocrx_word' id='word_1_183' title='bbox 292 1969 359 2016; x_wconf 91' lang='lat' dir='ltr'><strong>sic</strong></span> <span class='ocrx_word' id='word_1_184' title='bbox 386 1969 671 2033; x_wconf 81' lang='lat' dir='ltr'><strong>Hyrtacides</strong></span> <span class='ocrx_word' id='word_1_185' title='bbox 693 1987 703 2017; x_wconf 73' lang='grc' dir='ltr'>ε</span> <span class='ocrx_word' id='word_1_186' title='bbox 732 1970 908 2017; x_wconf 87' lang='lat' dir='ltr'><strong>Audite</strong></span> <span class='ocrx_word' id='word_1_187' title='bbox 933 1987 961 2016; x_wconf 95' lang='lat' dir='ltr'><strong>o</strong></span> <span class='ocrx_word' id='word_1_188' title='bbox 987 1971 1226 2018; x_wconf 90' lang='lat' dir='ltr'><strong>mentibus</strong></span> <span class='ocrx_word' id='word_1_189' title='bbox 1248 1970 1415 2032; x_wconf 69' lang='lat' dir='ltr'><strong>aequis,</strong></span> 
     </span>
     <span class='ocr_line' id='line_1_29' title="bbox 137 2035 1435 2100; baseline 0.002 -19"><span class='ocrx_word' id='word_1_190' title='bbox 137 2035 360 2082; x_wconf 86' lang='lat' dir='ltr'><strong>AEneadae</strong></span> <span class='ocrx_word' id='word_1_191' title='bbox 382 2052 393 2083; x_wconf 89' lang='lat'>:</span> <span class='ocrx_word' id='word_1_192' title='bbox 421 2051 542 2083; x_wconf 88' lang='lat' dir='ltr'><strong>neve</strong></span> <span class='ocrx_word' id='word_1_193' title='bbox 567 2037 671 2084; x_wconf 85' lang='lat' dir='ltr'><strong>haec</strong></span> <span class='ocrx_word' id='word_1_194' title='bbox 698 2037 869 2084; x_wconf 81' lang='lat' dir='ltr'><strong>nostris</strong></span> <span class='ocrx_word' id='word_1_195' title='bbox 895 2045 1175 2100; x_wconf 88' lang='lat' dir='ltr'><strong>spectentur</strong></span> <span class='ocrx_word' id='word_1_196' title='bbox 1199 2037 1259 2083; x_wconf 91' lang='lat' dir='ltr'><strong>ab</strong></span> <span class='ocrx_word' id='word_1_197' title='bbox 1285 2038 1435 2093; x_wconf 88' lang='lat' dir='ltr'><strong>annis,</strong></span> 
     </span>
     <span class='ocr_line' id='line_1_30' title="bbox 139 2101 1356 2179; baseline 0.002 -31"><span class='ocrx_word' id='word_1_198' title='bbox 139 2101 262 2156; x_wconf 87' lang='lat' dir='ltr'><strong>Quae</strong></span> <span class='ocrx_word' id='word_1_199' title='bbox 287 2101 496 2150; x_wconf 89' lang='lat' dir='ltr'><strong>ferimus.</strong></span> <span class='ocrx_word' id='word_1_200' title='bbox 570 2104 736 2150; x_wconf 89' lang='lat' dir='ltr'><strong>Rutuli</strong></span> <span class='ocrx_word' id='word_1_201' title='bbox 763 2120 927 2151; x_wconf 90' lang='lat' dir='ltr'><strong>somno</strong></span> <span class='ocrx_word' id='word_1_202' title='bbox 951 2104 1155 2166; x_wconf 89' lang='lat' dir='ltr'><strong>vinoque</strong></span> <span class='ocrx_word' id='word_1_203' title='bbox 1179 2106 1356 2179; x_wconf 87' lang='lat' dir='ltr'><strong>sepulti</strong></span> 
     </span>
     <span class='ocr_line' id='line_1_31' title="bbox 139 2167 1348 2233; baseline 0.002 -18"><span class='ocrx_word' id='word_1_204' title='bbox 139 2167 461 2224; x_wconf 87' lang='lat' dir='ltr'><strong>Conticuere,</strong></span> <span class='ocrx_word' id='word_1_205' title='bbox 498 2170 655 2217; x_wconf 89' lang='lat' dir='ltr'><strong>locum</strong></span> <span class='ocrx_word' id='word_1_206' title='bbox 686 2170 863 2217; x_wconf 89' lang='lat' dir='ltr'><strong>insidiis</strong></span> <span class='ocrx_word' id='word_1_207' title='bbox 885 2171 1214 2232; x_wconf 77' lang='lat' dir='ltr'><strong>conspeximus</strong></span> <span class='ocrx_word' id='word_1_208' title='bbox 1241 2172 1348 2233; x_wconf 84' lang='lat' dir='ltr'><strong>ipsi,</strong></span> 
     </span>
     <span class='ocr_line' id='line_1_32' title="bbox 138 2234 1367 2301; baseline 0.003 -21"><span class='ocrx_word' id='word_1_209' title='bbox 138 2234 235 2289; x_wconf 84' lang='lat' dir='ltr'><strong>Qui</strong></span> <span class='ocrx_word' id='word_1_210' title='bbox 261 2243 392 2297; x_wconf 87' lang='lat' dir='ltr'><strong>patet</strong></span> <span class='ocrx_word' id='word_1_211' title='bbox 415 2235 462 2281; x_wconf 93' lang='lat' dir='ltr'><strong>in</strong></span> <span class='ocrx_word' id='word_1_212' title='bbox 490 2236 616 2284; x_wconf 90' lang='lat' dir='ltr'><strong>bivio</strong></span> <span class='ocrx_word' id='word_1_213' title='bbox 642 2246 810 2300; x_wconf 74' lang='lat' dir='ltr'><strong>portae,</strong></span> <span class='ocrx_word' id='word_1_214' title='bbox 833 2253 940 2298; x_wconf 84' lang='lat' dir='ltr'><strong>quae</strong></span> <span class='ocrx_word' id='word_1_215' title='bbox 966 2238 1183 2300; x_wconf 81' lang='lat' dir='ltr'><strong>proxima</strong></span> <span class='ocrx_word' id='word_1_216' title='bbox 1202 2247 1367 2301; x_wconf 88' lang='lat' dir='ltr'><strong>ponto.</strong></span> 
     </span>
     <span class='ocr_line' id='line_1_33' title="bbox 138 2300 1236 2367; baseline 0.005 -21"><span class='ocrx_word' id='word_1_217' title='bbox 138 2300 432 2363; x_wconf 81' lang='lat' dir='ltr'><strong>Interrupti&#39;</strong></span> <span class='ocrx_word' id='word_1_218' title='bbox 422 2318 569 2365; x_wconf 79' lang='lat' dir='ltr'><strong>ignes,</strong></span> <span class='ocrx_word' id='word_1_219' title='bbox 595 2312 790 2367; x_wconf 89' lang='lat' dir='ltr'><strong>aterque</strong></span> <span class='ocrx_word' id='word_1_220' title='bbox 816 2304 875 2351; x_wconf 91' lang='lat' dir='ltr'><strong>ad</strong></span> <span class='ocrx_word' id='word_1_221' title='bbox 902 2303 1056 2351; x_wconf 88' lang='lat' dir='ltr'><strong>sidera</strong></span> <span class='ocrx_word' id='word_1_222' title='bbox 1080 2305 1236 2351; x_wconf 88' lang='lat' dir='ltr'><strong>fumus</strong></span> 
     </span>
     <span class='ocr_line' id='line_1_34' title="bbox 137 2367 1434 2433; baseline 0.005 -20"><span class='ocrx_word' id='word_1_223' title='bbox 137 2367 368 2431; x_wconf 81' lang='lat' dir='ltr'><strong>Erigitur.</strong></span> <span class='ocrx_word' id='word_1_224' title='bbox 439 2369 489 2416; x_wconf 88' lang='lat' dir='ltr'><strong>Si</strong></span> <span class='ocrx_word' id='word_1_225' title='bbox 515 2369 706 2418; x_wconf 67' lang='lat' dir='ltr'><strong>fortuna</strong></span> <span class='ocrx_word' id='word_1_226' title='bbox 733 2371 1008 2433; x_wconf 87' lang='lat' dir='ltr'><strong>permittitis</strong></span> <span class='ocrx_word' id='word_1_227' title='bbox 1033 2372 1117 2427; x_wconf 86' lang='lat' dir='ltr'><strong>uti,</strong></span> <span class='ocrx_word' id='word_1_228' title='bbox 1342 2378 1434 2421; x_wconf 73' lang='lat'><strong>240</strong></span> 
     </span>
     <span class='ocr_line' id='line_1_35' title="bbox 138 2433 1198 2493; baseline 0.005 -14"><span class='ocrx_word' id='word_1_229' title='bbox 138 2433 409 2488; x_wconf 68' lang='lat' dir='ltr'><strong>Quaesitum</strong></span> <span class='ocrx_word' id='word_1_230' title='bbox 433 2437 613 2484; x_wconf 88' lang='lat' dir='ltr'><strong>AEnean</strong></span> <span class='ocrx_word' id='word_1_231' title='bbox 653 2438 710 2484; x_wconf 90' lang='lat' dir='ltr'><strong>ad</strong></span> <span class='ocrx_word' id='word_1_232' title='bbox 739 2438 911 2485; x_wconf 88' lang='lat' dir='ltr'><strong>moenia</strong></span> <span class='ocrx_word' id='word_1_233' title='bbox 934 2437 1198 2493; x_wconf 86' lang='lat' dir='ltr'><strong>Pallantea,</strong></span> 
     </span>
     <span class='ocr_line' id='line_1_36' title="bbox 139 2500 1299 2568; baseline 0.003 -21"><span class='ocrx_word' id='word_1_234' title='bbox 139 2501 257 2547; x_wconf 88' lang='lat' dir='ltr'><strong>Mox</strong></span> <span class='ocrx_word' id='word_1_235' title='bbox 283 2500 359 2549; x_wconf 76' lang='lat' dir='ltr'><strong>hic</strong></span> <span class='ocrx_word' id='word_1_236' title='bbox 384 2518 491 2550; x_wconf 87' lang='lat' dir='ltr'><strong>cum</strong></span> <span class='ocrx_word' id='word_1_237' title='bbox 518 2504 696 2567; x_wconf 89' lang='lat' dir='ltr'><strong>spoliis,</strong></span> <span class='ocrx_word' id='word_1_238' title='bbox 726 2504 901 2567; x_wconf 87' lang='lat' dir='ltr'><strong>ingenti</strong></span> <span class='ocrx_word' id='word_1_239' title='bbox 926 2504 1058 2553; x_wconf 84' lang='lat' dir='ltr'><strong>caede</strong></span> <span class='ocrx_word' id='word_1_240' title='bbox 1094 2506 1299 2568; x_wconf 71' lang='lat' dir='ltr'><strong>peracta,</strong></span> 
     </span>
    </p>
   </div>
  </div>
 </body>
</html>
