1607 2700
484 95 743 130 AEsssmos
784 94 892 127 Liss.
934 95 1057 128 v111.
1326 92 1422 141 ⁴265

99 216 428 263 Semihominis
454 216 571 262 Caci
599 214 745 262 facies
771 231 912 276 quam
941 216 1041 261 dira
1073 217 1287 274 tenebat,

100 283 226 329 Solis
251 283 543 331 inaccessam
571 281 747 336 radiis;
779 297 1061 343 semperque
1082 283 1263 329 recenti

100 349 247 396 Caede
268 350 460 411 tepebat
481 349 680 403 humus;
722 347 1003 410 foribusque
1030 347 1172 394 affixa
1197 351 1418 407 superbis

100 417 201 462 Ora
227 417 374 463 virum
400 415 523 461 tristi
544 415 823 477 pendebant
848 415 1029 476 pallida
1054 415 1185 460 tabo.

99 482 228 529 Huic
253 491 464 529 monstro
490 483 736 528 Vulcanus
757 490 858 527 erat
883 491 1047 543 pater:
1076 481 1198 526 illius
1223 490 1352 527 atros

100 549 197 595 Ore
222 565 416 596 vomens
440 549 588 610 ignes,
618 549 787 609 magna
807 564 858 594 se
884 548 1007 594 mole
1027 546 1232 594 ferebat.

98 615 277 662 Attulit
297 624 346 663 et
366 616 504 662 nobis
530 615 790 678 aliqnando
817 615 1094 675 optantibus
1122 624 1241 661 aetas
1322 622 1418 661 200

99 682 343 729 Auxilium
369 682 725 744 adventumque
752 682 868 728 Dei:
897 698 1004 727 nam
1025 681 1255 727 maximus
1278 681 1416 736 ultor,

97 749 367 811 Tergemini
394 766 510 796 nece
538 748 777 811 Geryonis
805 748 1072 810 spoliisque
1095 749 1349 810 superbus,

96 815 292 862 Alcides
318 815 503 873 aderat,
528 824 790 877 taurosque
817 816 906 860 hac
934 816 1087 861 victor
1112 816 1286 876 agebat

96 881 348 944 Ingentes:
372 883 639 944 vallemque
665 882 813 928 boves
840 898 1124 943 amnemque
1151 883 1393 928 tenebant.

95 950 160 994 At
204 944 338 996 furiis
364 950 482 997 Caci
507 965 639 996 mens
665 949 824 1005 effera,
851 966 912 995 ne
937 948 1051 1010 qnid
1081 949 1296 996 inausum

94 1015 199 1061 Aut
225 1015 510 1063 intentatum
540 1015 792 1062 scelerisve
815 1015 971 1060 dolive
998 1014 1182 1072 fuisset,

95 1081 317 1136 Quatuor
340 1099 368 1128 a
393 1082 594 1130 stabulis
621 1082 869 1145 praestanti
895 1097 1097 1143 corpore
1123 1090 1286 1129 tauros

94 1149 303 1206 Avertit,
331 1149 535 1196 totidem
559 1149 713 1195 forma
739 1149 1271 1211 superantejuvencas.

94 1217 251 1277 Atque
274 1216 379 1272 hos,
408 1233 466 1263 ne
487 1233 580 1278 qua
604 1216 762 1263 forent
782 1216 987 1278 pedibus
1022 1216 1222 1280 vestigia
1258 1217 1415 1273 rectis,

96 1281 267 1329 Cauda
282 1283 329 1328 in
347 1284 629 1346 speluncam
644 1291 842 1337 tractOS,
863 1283 1104 1344 versisque
1128 1284 1307 1330 viarum
1322 1293 1417 1332 210

94 1348 294 1395 Iudiciis
315 1358 500 1412 raptos,
531 1366 646 1397 saxo
673 1349 952 1395 occultabat
977 1365 1151 1410 opaco.

95 1415 402 1469 Quaerentem
430 1416 556 1462 nulla
580 1417 637 1462 ad
662 1416 938 1478 speluncam
966 1415 1093 1477 sigua
1117 1415 1350 1465 ferebant.

94 1481 287 1528 Interea
312 1483 419 1529 cum
440 1483 543 1542 jam
572 1483 770 1530 stabulis
797 1491 1008 1528 saturata
1034 1493 1247 1530 moveret

94 1549 559 1613 Amphitryoniades
585 1558 816 1605 armenta,
845 1549 1128 1611 abitumque
1156 1560 1381 1612 pararet;

95 1615 320 1661 Discessu
349 1616 531 1678 mugire
557 1618 725 1672 boves,
751 1625 896 1677 atque
914 1632 1052 1661 omne
1078 1617 1284 1678 querelis

95 1682 287 1743 Impleri
313 1699 493 1740 nemus,
523 1692 569 1730 ct
595 1683 740 1730 colles
767 1682 975 1729 clamore
997 1683 1216 1746 relinqui.

94 1747 325 1795 Reddidit
350 1765 442 1795 una
464 1750 610 1797 boum
638 1766 824 1804 vocem,
853 1758 1088 1811 vastoque
1115 1751 1205 1797 sub
1226 1758 1361 1798 antro

95 1814 286 1877 Mugiit,
314 1825 363 1862 et
386 1817 503 1864 Caci
530 1833 664 1879 spem
691 1815 932 1863 custodita
958 1816 1142 1864 fefellit.

96 1882 190 1928 Hic
217 1883 326 1930 vero
353 1883 542 1930 Alcidae
568 1883 702 1930 furiis
728 1892 965 1930 exarserat
993 1891 1096 1929 atro
1321 1891 1415 1939 ‘219

97 1949 224 1996 Felle
239 1948 408 1997 dolor:
436 1950 560 2012 rapit
577 1966 706 1996 arma
726 1965 885 2005 manu,
909 1948 1147 2012 nodisque
1165 1957 1414 2012 gravatum

96 2015 281 2073 Robur,
308 2025 355 2063 et
375 2017 484 2063 aetii
506 2033 650 2064 cursu
677 2017 793 2078 petit
819 2016 965 2062 ardua
993 2016 1186 2063 montis.

96 2082 224 2128 Tum
251 2083 457 2144 primum
485 2084 635 2130 nostri
662 2085 846 2130 Cacum
874 2084 1034 2130 videre
1054 2084 1315 2137 timentem,

96 2148 472 2213 Turbatumque
498 2151 662 2197 oculis.
737 2150 876 2212 Fugit
903 2150 1029 2196 ilicet
1055 2150 1186 2197 ocior
1211 2152 1357 2205 Euro,

98 2215 485 2280 Speluncamque
512 2218 658 2279 petit3
695 2216 898 2279 pedibus
925 2217 1065 2264 timor
1088 2217 1272 2263 addidit
1298 2218 1413 2266 alas·

97 2282 162 2328 Ut
189 2297 291 2329 sese
314 2284 522 2341 inclusit,
551 2284 802 2348 ruptisque
827 2283 1030 2330 immane
1056 2284 1236 2330 catenis

99 2348 293 2409 Dejecit
318 2366 505 2407 saxum,
537 2358 660 2405 sen-0
683 2356 817 2419 quod
840 2360 887 2397 et
906 2360 1005 2397 arte
1027 2352 1228 2414 paterna

97 2413 365 2473 Pendebat,
394 2417 637 2482 fultosque
661 2418 859 2464 emuniit
884 2418 1044 2478 objice
1071 2426 1256 2480 postes;

99 2482 227 2529 Ecce
245 2482 405 2530 furens
429 2484 597 2532 animis
619 2486 783 2533 aderat
798 2484 1098 2548 Tirynthius,
1126 2500 1410 2547 omnemque

695 2554 733 2599 ll
764 2555 790 2598 ‘2
