1586 2704
101 87 201 131 374
431 91 477 124 Ρ.
513 89 761 124 vinoun
805 88 1059 124 MARONIS

100 208 283 255 Horum
311 223 458 253 unum
485 213 615 252 certo
642 214 961 268 contorquens
988 206 1149 269 dirigit
1173 207 1288 255 ictu.
1309 217 1406 265 490

101 271 331 322 Substitit
351 275 539 330 AEneas,
566 281 612 318 et
635 289 682 318 se
707 273 896 335 collegit
923 273 969 318 in
995 289 1139 328 arma,

100 340 287 402 Poplite
306 338 580 386 subsidens:
619 339 804 401 apicem
817 348 975 385 tamen
998 340 1142 386 incita
1165 358 1405 388 summum

100 407 249 453 Hasta
274 406 396 462 tulit,
423 422 728 467 summasque
750 406 963 452 excussit
988 408 1162 453 vertice
1189 407 1369 455 cristaS.

98 474 228 519 Tum
255 473 365 520 vero
389 481 640 533 assurgunt
665 473 762 527 irae,
789 471 1069 534 insidiisque
1090 474 1317 522 subactus

99 540 326 587 Diversos
350 540 432 585 ubi
454 539 610 585 sensit·
624 554 774 599 equos
792 554 1082 600 currumque
1098 540 1273 596 referri,

97 607 261 653 Multa
282 607 451 654 Jovem
471 616 517 653 et
541 605 641 652 laesi
663 611 865 650 testatur
889 603 1080 651 foederis
1104 622 1221 662 aras,

96 674 203 720 Jam
229 673 423 720 tandem
442 672 628 718 invadit
650 670 850 727 medios,
877 679 924 716 et
951 672 1107 718 Marte
1127 675 1340 721 secundo

97 739 360 795 Terribilis,
385 756 561 785 saevum
590 738 720 785 nullo
747 737 1021 785 discrimine
1046 738 1229 786 caedem

97 806 325 863 Suscitat,
344 806 616 868 irarumque
638 820 802 850 omnes
827 803 1025 851 effundit
1047 805 1273 853 habenas.

162 871 282 928 Quis
307 873 423 919 mihi
449 890 573 920 nunc
599 880 669 919 tot
694 870 866 917 acerba
887 871 1036 928 Dens,
1065 872 1168 934 quis
1196 872 1405 919 carmine

229 939 387 986 caedes
1311 946 1406 988 500

97 1005 343 1063 Diversus,
372 1006 657 1068 obitumque
681 1004 885 1060 ducum,
912 1020 1032 1067 quos
1058 1021 1250 1067 aequore
1271 1013 1375 1053 toto

94 1073 248 1134 Inque
270 1072 422 1120 vicem
440 1072 775 1118 nuncTurnus
788 1071 900 1133 agit,
918 1088 1045 1118 nuno
1060 1073 1384 1121 Trqusheros

95 1138 368 1200 Expediat‘!
402 1143 584 1185 tanton'
609 1139 791 1200 placuit
813 1154 1094 1184 concurrere
1120 1151 1272 1195 motu,

94 1206 294 1266 Jupiter,
321 1207 494 1252 aeterna
512 1214 674 1268 gentes
699 1205 743 1250 in
769 1221 888 1266 pace
903 1204 1122 1252 futuras?

159 1273 330 1319 AEneas
351 1273 581 1319 Rutulum
609 1273 866 1317 Sucronem
885 1276 960 1330 (ea
990 1272 1146 1333 prima
1170 1279 1360 1319 ruentes

94 1336 261 1399 Pugna
282 1340 391 1385 loco
417 1339 583 1386 statuit
600 1338 839 1395 Teucros)
865 1337 993 1384 haud
1021 1339 1169 1384 multa
1195 1349 1404 1385 moratus

99 1405 292 1468 Excipit
315 1405 362 1451 in
386 1407 526 1461 latua
553 1413 617 1461 et,
643 1405 735 1467 qna
763 1405 861 1450 fata
886 1405 1149 1462 celerrima,
1178 1405 1383 1452 crudum

92 1472 398 1534 Transadigit
424 1482 579 1520 costas
602 1480 651 1519 et
675 1479 828 1518 crates
855 1471 1064 1534 pectoris
1088 1488 1262 1519 ensem.

93 1537 288 1585 Turnus
311 1557 438 1602 equo
463 1539 705 1601 dejectum
726 1541 963 1600 Amycum
980 1538 1273 1602 fratremque
1289 1539 1405 1586 Dio-

224 1621 341 1662 rem,
1311 1614 1405 1662 509

97 1671 390 1734 Congressus
408 1672 573 1737 pedes,
601 1673 723 1718 hunc
744 1671 1007 1718 venientem
1032 1672 1228 1734 cuspide
1246 1673 1403 1735 longa,

95 1740 241 1786 Hunc
261 1756 486 1786 mucrone
512 1740 647 1794 ferit3
703 1755 940 1801 curruque
964 1738 1171 1785 abscissa
1199 1739 1403 1786 duorum

97 1807 362 1867 Suspendit
381 1807 555 1869 capita,
582 1814 630 1853 et
653 1807 858 1853 rorantia
882 1806 1103 1867 sanguine
1127 1814 1304 1868 portat.

94 1873 179 1921 Ille
195 1874 348 1920 Talon
368 1875 669 1935 Tanaimque
688 1873 808 1928 neci,
830 1872 1098 1934 fortemque
1118 1873 1402 1936 Cethegum,

95 1942 216 1988 Tres
240 1957 337 1987 uno
361 1957 637 2004 congressu,
654 1950 699 1987 et
721 1948 935 1987 moestum
957 1939 1102 1985 mittit
1125 1939 1338 2002 Onyten,

96 2009 285 2055 Nomen
311 2008 617 2064 Echionium,
645 2007 907 2069 matrisque
931 2022 1079 2067 genus
1094 2006 1315 2054 Peridiae.

96 2075 192 2122 Hic
216 2076 384 2122 fratres
404 2075 552 2138 Lycia
577 2074 744 2120 missos
771 2083 819 2120 et
843 2073 1076 2136 Apollinis
1100 2073 1237 2135 agris,

96 2142 401 2204 Etjuvenem
425 2158 624 2188 exosum
656 2141 977 2202 nequicquam
1002 2140 1131 2186 bella
1157 2141 1402 2188 Menoeten

95 2208 318 2256 Arcada:
356 2209 558 2270 piscosae
583 2208 660 2254 cui
685 2207 867 2254 circum
892 2206 1086 2253 flumina
1108 2207 1275 2253 Lernae

97 2278 190 2322 Ars
206 2275 375 2330 fuerat,
392 2291 673 2338 pauperque
689 2275 882 2328 domus;
909 2290 1000 2320 nec
1021 2279 1135 2319 nota
1155 2280 1406 2335 potentum

98 2343 319 2398 Munera,
346 2342 683 2403 conductaque
710 2349 847 2403 pater
871 2341 1037 2387 tellure
1058 2341 1282 2399 serebam
1311 2346 1404 2388 52c

96 2411 172 2457 Ac
197 2409 328 2456 velut
352 2408 545 2454 immissi
570 2409 764 2455 diversis
789 2407 1003 2470 partibus
1027 2405 1158 2466 ignes

98 2475 395 2522 Arentem‘in
421 2475 602 2532 silvam,
628 2482 677 2522 et
703 2475 903 2536 virgulta
921 2474 1139 2520 sonantia
1163 2473 1293 2520 lauro
1314 2490 1326 2528 ;

101 2547 198 2589 Aut
223 2542 305 2590 ubi
331 2542 536 2589 decursu
561 2541 733 2605 rapido
759 2541 819 2588 de
845 2540 1088 2587 montibus
1105 2540 1210 2588 altis
