<?xml version="1.0" encoding="UTF-8"?>
<!DOCTYPE html PUBLIC "-//W3C//DTD XHTML 1.0 Transitional//EN"
    "http://www.w3.org/TR/xhtml1/DTD/xhtml1-transitional.dtd">
<html xmlns="http://www.w3.org/1999/xhtml" xml:lang="en" lang="en">
 <head>
  <title>
</title>
<meta http-equiv="Content-Type" content="text/html;charset=utf-8" />
  <meta name='ocr-system' content='tesseract 3.04.00' />
  <meta name='ocr-capabilities' content='ocr_page ocr_carea ocr_par ocr_line ocrx_word'/>
</head>
<body>
  <div class='ocr_page' id='page_1' title='image "./operaadfidemopti00virguoft/operaadfidemopti00virguoft_0361.png"; bbox 0 0 1586 2704; ppageno 0'>
   <div class='ocr_carea' id='block_1_1' title="bbox 554 88 1447 132">
    <p class='ocr_par' dir='ltr' id='par_1_1' title="bbox 554 88 1447 132">
     <span class='ocr_line' id='line_1_1' title="bbox 554 88 1447 132; baseline -0.002 0"><span class='ocrx_word' id='word_1_1' title='bbox 554 98 815 132; x_wconf 68' lang='lat' dir='ltr'>AENmnos</span> <span class='ocrx_word' id='word_1_2' title='bbox 858 98 965 132; x_wconf 63' lang='grc' dir='ltr'>[ΑΒ.</span> <span class='ocrx_word' id='word_1_3' title='bbox 1007 99 1084 131; x_wconf 80' lang='lat' dir='ltr'>xi.</span> <span class='ocrx_word' id='word_1_4' title='bbox 1362 88 1447 131; x_wconf 66' lang='lat'>35²</span> 
     </span>
    </p>
   </div>
   <div class='ocr_carea' id='block_1_2' title="bbox 121 209 1469 2454">
    <p class='ocr_par' dir='ltr' id='par_1_2' title="bbox 121 209 1469 2454">
     <span class='ocr_line' id='line_1_2' title="bbox 179 209 1328 271; baseline -0.002 -11"><span class='ocrx_word' id='word_1_5' title='bbox 179 211 314 260; x_wconf 85' lang='lat' dir='ltr'>Heu!</span> <span class='ocrx_word' id='word_1_6' title='bbox 352 212 566 265; x_wconf 65' lang='lat' dir='ltr'>nimium,</span> <span class='ocrx_word' id='word_1_7' title='bbox 594 213 740 271; x_wconf 78' lang='lat' dir='ltr'>virgo,</span> <span class='ocrx_word' id='word_1_8' title='bbox 768 211 960 256; x_wconf 68' lang='lat' dir='ltr'>nimium</span> <span class='ocrx_word' id='word_1_9' title='bbox 988 209 1177 257; x_wconf 85' lang='lat' dir='ltr'>crudele</span> <span class='ocrx_word' id='word_1_10' title='bbox 1202 210 1328 258; x_wconf 79' lang='lat' dir='ltr'>luisti</span> 
     </span>
     <span class='ocr_line' id='line_1_3' title="bbox 177 278 1343 341; baseline -0.001 -16"><span class='ocrx_word' id='word_1_11' title='bbox 177 279 484 341; x_wconf 86' lang='lat' dir='ltr'>Supplicium,</span> <span class='ocrx_word' id='word_1_12' title='bbox 508 279 722 324; x_wconf 85' lang='lat' dir='ltr'>Teucros</span> <span class='ocrx_word' id='word_1_13' title='bbox 749 286 917 323; x_wconf 84' lang='lat' dir='ltr'>conata</span> <span class='ocrx_word' id='word_1_14' title='bbox 947 278 1177 324; x_wconf 79' lang='lat' dir='ltr'>lacessere</span> <span class='ocrx_word' id='word_1_15' title='bbox 1205 278 1343 324; x_wconf 89' lang='lat' dir='ltr'>bello.</span> 
     </span>
     <span class='ocr_line' id='line_1_4' title="bbox 177 343 1317 392; baseline 0 -2"><span class='ocrx_word' id='word_1_16' title='bbox 177 344 283 392; x_wconf 86' lang='lat' dir='ltr'>Nec</span> <span class='ocrx_word' id='word_1_17' title='bbox 310 346 393 390; x_wconf 92' lang='lat' dir='ltr'>tibi</span> <span class='ocrx_word' id='word_1_18' title='bbox 417 345 613 390; x_wconf 86' lang='lat' dir='ltr'>desertae</span> <span class='ocrx_word' id='word_1_19' title='bbox 640 344 682 390; x_wconf 90' lang='lat' dir='ltr'>in</span> <span class='ocrx_word' id='word_1_20' title='bbox 710 343 864 388; x_wconf 85' lang='lat' dir='ltr'>dumis</span> <span class='ocrx_word' id='word_1_21' title='bbox 890 344 1089 389; x_wconf 84' lang='lat' dir='ltr'>coluisse</span> <span class='ocrx_word' id='word_1_22' title='bbox 1118 345 1317 390; x_wconf 78' lang='lat' dir='ltr'>Dianam</span> 
     </span>
     <span class='ocr_line' id='line_1_5' title="bbox 178 409 1419 470; baseline -0.001 -13"><span class='ocrx_word' id='word_1_23' title='bbox 178 410 378 466; x_wconf 83' lang='lat' dir='ltr'>Profuit,</span> <span class='ocrx_word' id='word_1_24' title='bbox 403 420 482 456; x_wconf 87' lang='lat' dir='ltr'>aut</span> <span class='ocrx_word' id='word_1_25' title='bbox 508 417 691 455; x_wconf 86' lang='lat' dir='ltr'>nostras</span> <span class='ocrx_word' id='word_1_26' title='bbox 719 409 910 455; x_wconf 87' lang='lat' dir='ltr'>humero</span> <span class='ocrx_word' id='word_1_27' title='bbox 935 409 1132 470; x_wconf 82' lang='lat' dir='ltr'>gessisse</span> <span class='ocrx_word' id='word_1_28' title='bbox 1157 410 1419 469; x_wconf 54' lang='lat' dir='ltr'>pharetra&amp;</span> 
     </span>
     <span class='ocr_line' id='line_1_6' title="bbox 176 475 1373 536; baseline -0.002 -14"><span class='ocrx_word' id='word_1_29' title='bbox 176 476 285 522; x_wconf 90' lang='lat' dir='ltr'>Non</span> <span class='ocrx_word' id='word_1_30' title='bbox 312 485 464 522; x_wconf 83' lang='lat' dir='ltr'>tumen</span> <span class='ocrx_word' id='word_1_31' title='bbox 490 476 759 522; x_wconf 79' lang='lat' dir='ltr'>indecorem</span> <span class='ocrx_word' id='word_1_32' title='bbox 788 484 867 522; x_wconf 81' lang='lat' dir='ltr'>tua</span> <span class='ocrx_word' id='word_1_33' title='bbox 894 484 937 521; x_wconf 89' lang='lat' dir='ltr'>te</span> <span class='ocrx_word' id='word_1_34' title='bbox 963 475 1119 536; x_wconf 79' lang='lat' dir='ltr'>regina</span> <span class='ocrx_word' id='word_1_35' title='bbox 1144 475 1373 536; x_wconf 88' lang='lat' dir='ltr'>relinquet</span> 
     </span>
     <span class='ocr_line' id='line_1_7' title="bbox 176 540 1458 603; baseline -0.002 -15"><span class='ocrx_word' id='word_1_36' title='bbox 176 541 500 602; x_wconf 69' lang='lat' dir='ltr'>Extremajam</span> <span class='ocrx_word' id='word_1_37' title='bbox 519 543 565 587; x_wconf 88' lang='lat' dir='ltr'>in</span> <span class='ocrx_word' id='word_1_38' title='bbox 589 552 735 587; x_wconf 86' lang='lat' dir='ltr'>morte</span> <span class='ocrx_word' id='word_1_39' title='bbox 755 558 765 593; x_wconf 91' lang='grc'><strong>;</strong></span> <span class='ocrx_word' id='word_1_40' title='bbox 793 558 946 603; x_wconf 87' lang='lat' dir='ltr'>neque</span> <span class='ocrx_word' id='word_1_41' title='bbox 965 541 1054 586; x_wconf 84' lang='lat' dir='ltr'>hoc</span> <span class='ocrx_word' id='word_1_42' title='bbox 1076 541 1172 587; x_wconf 90' lang='lat' dir='ltr'>sine</span> <span class='ocrx_word' id='word_1_43' title='bbox 1194 540 1458 586; x_wconf 87' lang='lat' dir='ltr'>nomiuele·</span> 
     </span>
     <span class='ocr_line' id='line_1_8' title="bbox 176 607 1458 668; baseline -0.002 -16"><span class='ocrx_word' id='word_1_44' title='bbox 176 607 266 653; x_wconf 89' lang='lat' dir='ltr'>Per</span> <span class='ocrx_word' id='word_1_45' title='bbox 288 616 447 668; x_wconf 85' lang='lat' dir='ltr'>gentes</span> <span class='ocrx_word' id='word_1_46' title='bbox 473 609 576 665; x_wconf 86' lang='lat' dir='ltr'>erit,</span> <span class='ocrx_word' id='word_1_47' title='bbox 598 617 677 653; x_wconf 89' lang='lat' dir='ltr'>aut</span> <span class='ocrx_word' id='word_1_48' title='bbox 700 607 867 652; x_wconf 81' lang='lat' dir='ltr'>famam</span> <span class='ocrx_word' id='word_1_49' title='bbox 897 607 1083 667; x_wconf 82' lang='lat' dir='ltr'>patieris</span> <span class='ocrx_word' id='word_1_50' title='bbox 1108 607 1283 652; x_wconf 81' lang='lat' dir='ltr'>inultae.</span> <span class='ocrx_word' id='word_1_51' title='bbox 1338 607 1458 668; x_wconf 86' lang='lat' dir='ltr'>[tum</span> 
     </span>
     <span class='ocr_line' id='line_1_9' title="bbox 178 673 1392 753; baseline -0.002 -35"><span class='ocrx_word' id='word_1_52' title='bbox 178 673 297 719; x_wconf 88' lang='lat' dir='ltr'>Nam</span> <span class='ocrx_word' id='word_1_53' title='bbox 323 674 594 753; x_wconf 50' lang='lat' dir='ltr'>quicunqtff</span> <span class='ocrx_word' id='word_1_54' title='bbox 619 682 748 720; x_wconf 87' lang='lat' dir='ltr'>tuum</span> <span class='ocrx_word' id='word_1_55' title='bbox 777 674 966 718; x_wconf 88' lang='lat' dir='ltr'>violavit</span> <span class='ocrx_word' id='word_1_56' title='bbox 990 673 1173 719; x_wconf 87' lang='lat' dir='ltr'>vulnere</span> <span class='ocrx_word' id='word_1_57' title='bbox 1200 688 1392 733; x_wconf 88' lang='lat' dir='ltr'>corpus,</span> 
     </span>
     <span class='ocr_line' id='line_1_10' title="bbox 177 737 1428 800; baseline -0.002 -16"><span class='ocrx_word' id='word_1_58' title='bbox 177 737 336 786; x_wconf 88' lang='lat' dir='ltr'>Morte</span> <span class='ocrx_word' id='word_1_59' title='bbox 361 741 456 786; x_wconf 91' lang='lat' dir='ltr'>luet</span> <span class='ocrx_word' id='word_1_60' title='bbox 482 741 657 786; x_wconf 69' lang='lat' dir='ltr'>merita.</span> <span class='ocrx_word' id='word_1_61' title='bbox 732 741 834 786; x_wconf 79' lang='lat' dir='ltr'>Fuit</span> <span class='ocrx_word' id='word_1_62' title='bbox 860 741 1020 800; x_wconf 82' lang='lat' dir='ltr'>ingens</span> <span class='ocrx_word' id='word_1_63' title='bbox 1047 747 1205 785; x_wconf 87' lang='lat' dir='ltr'>monte</span> <span class='ocrx_word' id='word_1_64' title='bbox 1226 742 1313 785; x_wconf 87' lang='lat' dir='ltr'>sub</span> <span class='ocrx_word' id='word_1_65' title='bbox 1333 739 1428 784; x_wconf 87' lang='lat' dir='ltr'>alto</span> 
     </span>
     <span class='ocr_line' id='line_1_11' title="bbox 175 803 1462 865; baseline 0.002 -16"><span class='ocrx_word' id='word_1_66' title='bbox 175 803 319 865; x_wconf 86' lang='lat' dir='ltr'>Regis</span> <span class='ocrx_word' id='word_1_67' title='bbox 346 806 579 851; x_wconf 85' lang='lat' dir='ltr'>Dercenni</span> <span class='ocrx_word' id='word_1_68' title='bbox 604 816 786 852; x_wconf 86' lang='lat' dir='ltr'>terreno</span> <span class='ocrx_word' id='word_1_69' title='bbox 806 822 862 851; x_wconf 82' lang='lat' dir='ltr'>ex</span> <span class='ocrx_word' id='word_1_70' title='bbox 885 821 1052 864; x_wconf 79' lang='lat' dir='ltr'>aggere</span> <span class='ocrx_word' id='word_1_71' title='bbox 1078 806 1265 850; x_wconf 84' lang='lat' dir='ltr'>bustum</span> <span class='ocrx_word' id='word_1_72' title='bbox 1369 810 1462 853; x_wconf 87' lang='lat'>850</span> 
     </span>
     <span class='ocr_line' id='line_1_12' title="bbox 176 871 1273 932; baseline 0.001 -17"><span class='ocrx_word' id='word_1_73' title='bbox 176 871 370 932; x_wconf 85' lang='lat' dir='ltr'>Antiqui</span> <span class='ocrx_word' id='word_1_74' title='bbox 395 872 653 927; x_wconf 86' lang='lat' dir='ltr'>Laurentis,</span> <span class='ocrx_word' id='word_1_75' title='bbox 678 872 925 932; x_wconf 64' lang='lat' dir='ltr'>opacaque</span> <span class='ocrx_word' id='word_1_76' title='bbox 951 871 1054 916; x_wconf 89' lang='lat' dir='ltr'>ilice</span> <span class='ocrx_word' id='word_1_77' title='bbox 1079 878 1273 916; x_wconf 85' lang='lat' dir='ltr'>tectum.</span> 
     </span>
     <span class='ocr_line' id='line_1_13' title="bbox 177 934 1355 999; baseline 0.003 -19"><span class='ocrx_word' id='word_1_78' title='bbox 177 934 267 981; x_wconf 67' lang='lat' dir='ltr'>Hic</span> <span class='ocrx_word' id='word_1_79' title='bbox 297 938 399 983; x_wconf 79' lang='lat' dir='ltr'>Dea</span> <span class='ocrx_word' id='word_1_80' title='bbox 423 953 470 983; x_wconf 87' lang='lat' dir='ltr'>se</span> <span class='ocrx_word' id='word_1_81' title='bbox 496 938 699 999; x_wconf 72' lang='lat' dir='ltr'>primum</span> <span class='ocrx_word' id='word_1_82' title='bbox 724 938 889 997; x_wconf 86' lang='lat' dir='ltr'>rapido</span> <span class='ocrx_word' id='word_1_83' title='bbox 916 937 1229 997; x_wconf 84' lang='lat' dir='ltr'>pulcherrima</span> <span class='ocrx_word' id='word_1_84' title='bbox 1254 939 1355 982; x_wconf 83' lang='lat' dir='ltr'>nisu</span> 
     </span>
     <span class='ocr_line' id='line_1_14' title="bbox 178 1001 1404 1063; baseline 0.002 -17"><span class='ocrx_word' id='word_1_85' title='bbox 178 1001 324 1058; x_wconf 80' lang='lat' dir='ltr'>Sistit,</span> <span class='ocrx_word' id='word_1_86' title='bbox 350 1010 399 1049; x_wconf 88' lang='lat' dir='ltr'>et</span> <span class='ocrx_word' id='word_1_87' title='bbox 422 1006 672 1048; x_wconf 83' lang='lat' dir='ltr'>Arruntem</span> <span class='ocrx_word' id='word_1_88' title='bbox 700 1003 881 1048; x_wconf 87' lang='lat' dir='ltr'>tumulo</span> <span class='ocrx_word' id='word_1_89' title='bbox 906 1002 1176 1063; x_wconf 70' lang='lat' dir='ltr'>speculatur</span> <span class='ocrx_word' id='word_1_90' title='bbox 1200 1002 1260 1047; x_wconf 87' lang='lat' dir='ltr'>ab</span> <span class='ocrx_word' id='word_1_91' title='bbox 1287 1004 1404 1049; x_wconf 77' lang='lat' dir='ltr'>alto-</span> 
     </span>
     <span class='ocr_line' id='line_1_15' title="bbox 177 1067 1379 1131; baseline 0 -17"><span class='ocrx_word' id='word_1_92' title='bbox 177 1067 244 1114; x_wconf 90' lang='lat' dir='ltr'>Ut</span> <span class='ocrx_word' id='word_1_93' title='bbox 268 1068 384 1114; x_wconf 91' lang='lat' dir='ltr'>vidit</span> <span class='ocrx_word' id='word_1_94' title='bbox 409 1067 661 1131; x_wconf 81' lang='lat' dir='ltr'>fulgentem</span> <span class='ocrx_word' id='word_1_95' title='bbox 689 1069 845 1125; x_wconf 85' lang='lat' dir='ltr'>armis,</span> <span class='ocrx_word' id='word_1_96' title='bbox 870 1085 924 1114; x_wconf 87' lang='lat' dir='ltr'>ac</span> <span class='ocrx_word' id='word_1_97' title='bbox 950 1084 1067 1114; x_wconf 78' lang='lat' dir='ltr'>vana</span> <span class='ocrx_word' id='word_1_98' title='bbox 1093 1076 1344 1114; x_wconf 78' lang='lat' dir='ltr'>tumentem</span> <span class='ocrx_word' id='word_1_99' title='bbox 1369 1085 1379 1115; x_wconf 77' lang='grc' dir='ltr'><strong><em>ε</em></strong></span> 
     </span>
     <span class='ocr_line' id='line_1_16' title="bbox 178 1133 1461 1196; baseline 0.001 -17"><span class='ocrx_word' id='word_1_100' title='bbox 178 1134 289 1189; x_wconf 83' lang='lat' dir='ltr'>Cur,</span> <span class='ocrx_word' id='word_1_101' title='bbox 315 1133 484 1195; x_wconf 89' lang='lat' dir='ltr'>inquit,</span> <span class='ocrx_word' id='word_1_102' title='bbox 511 1134 725 1180; x_wconf 85' lang='lat' dir='ltr'>diversus</span> <span class='ocrx_word' id='word_1_103' title='bbox 750 1134 886 1180; x_wconf 66' lang='lat' dir='ltr'>abis?</span> <span class='ocrx_word' id='word_1_104' title='bbox 936 1134 1026 1180; x_wconf 76' lang='lat' dir='ltr'>linc</span> <span class='ocrx_word' id='word_1_105' title='bbox 1053 1134 1194 1194; x_wconf 78' lang='lat' dir='ltr'>dirige</span> <span class='ocrx_word' id='word_1_106' title='bbox 1221 1151 1461 1196; x_wconf 57' lang='lat' dir='ltr'>gressuum</span> 
     </span>
     <span class='ocr_line' id='line_1_17' title="bbox 177 1199 1384 1261; baseline 0.002 -17"><span class='ocrx_word' id='word_1_107' title='bbox 177 1199 300 1255; x_wconf 88' lang='lat' dir='ltr'>Huc,</span> <span class='ocrx_word' id='word_1_108' title='bbox 329 1200 547 1261; x_wconf 87' lang='lat' dir='ltr'>periture,</span> <span class='ocrx_word' id='word_1_109' title='bbox 573 1201 706 1255; x_wconf 90' lang='lat' dir='ltr'>veni;</span> <span class='ocrx_word' id='word_1_110' title='bbox 747 1200 910 1261; x_wconf 78' lang='lat' dir='ltr'>capias</span> <span class='ocrx_word' id='word_1_111' title='bbox 938 1208 986 1246; x_wconf 91' lang='lat' dir='ltr'>ut</span> <span class='ocrx_word' id='word_1_112' title='bbox 1012 1199 1149 1261; x_wconf 77' lang='lat' dir='ltr'>digua</span> <span class='ocrx_word' id='word_1_113' title='bbox 1175 1201 1384 1247; x_wconf 83' lang='lat' dir='ltr'>Camillae</span> 
     </span>
     <span class='ocr_line' id='line_1_18' title="bbox 179 1266 1343 1314; baseline 0.003 -3"><span class='ocrx_word' id='word_1_114' title='bbox 179 1266 393 1311; x_wconf 77' lang='lat' dir='ltr'>Praemia,</span> <span class='ocrx_word' id='word_1_115' title='bbox 461 1266 598 1312; x_wconf 87' lang='lat' dir='ltr'>Tune</span> <span class='ocrx_word' id='word_1_116' title='bbox 624 1267 761 1312; x_wconf 90' lang='lat' dir='ltr'>etiam</span> <span class='ocrx_word' id='word_1_117' title='bbox 789 1267 893 1312; x_wconf 85' lang='lat' dir='ltr'>telis</span> <span class='ocrx_word' id='word_1_118' title='bbox 920 1267 1119 1312; x_wconf 85' lang='lat' dir='ltr'>moriere</span> <span class='ocrx_word' id='word_1_119' title='bbox 1147 1267 1343 1314; x_wconf 68' lang='lat' dir='ltr'>Diauaet</span> 
     </span>
     <span class='ocr_line' id='line_1_19' title="bbox 180 1331 1332 1392; baseline 0.002 -16"><span class='ocrx_word' id='word_1_120' title='bbox 180 1332 330 1388; x_wconf 79' lang='lat' dir='ltr'>Dixit,</span> <span class='ocrx_word' id='word_1_121' title='bbox 353 1341 399 1378; x_wconf 89' lang='lat' dir='ltr'>et</span> <span class='ocrx_word' id='word_1_122' title='bbox 424 1334 582 1378; x_wconf 66' lang='lat' dir='ltr'>aurata</span> <span class='ocrx_word' id='word_1_123' title='bbox 610 1331 846 1378; x_wconf 86' lang='lat' dir='ltr'>volucrem</span> <span class='ocrx_word' id='word_1_124' title='bbox 871 1333 1086 1378; x_wconf 76' lang='lat' dir='ltr'>Threissa</span> <span class='ocrx_word' id='word_1_125' title='bbox 1114 1333 1332 1392; x_wconf 78' lang='lat' dir='ltr'>sagittam</span> 
     </span>
     <span class='ocr_line' id='line_1_20' title="bbox 179 1397 1433 1460; baseline 0 -17"><span class='ocrx_word' id='word_1_126' title='bbox 179 1398 445 1459; x_wconf 84' lang='lat' dir='ltr'>Depromsit</span> <span class='ocrx_word' id='word_1_127' title='bbox 472 1399 707 1458; x_wconf 67' lang='lat' dir='ltr'>pharetra,</span> <span class='ocrx_word' id='word_1_128' title='bbox 734 1414 974 1460; x_wconf 87' lang='lat' dir='ltr'>cornuque</span> <span class='ocrx_word' id='word_1_129' title='bbox 1000 1398 1177 1443; x_wconf 84' lang='lat' dir='ltr'>infensa</span> <span class='ocrx_word' id='word_1_130' title='bbox 1204 1397 1433 1453; x_wconf 80' lang='lat' dir='ltr'>tetendit,</span> 
     </span>
     <span class='ocr_line' id='line_1_21' title="bbox 180 1464 1465 1520; baseline 0.002 -11"><span class='ocrx_word' id='word_1_131' title='bbox 180 1464 241 1510; x_wconf 88' lang='lat' dir='ltr'>Et</span> <span class='ocrx_word' id='word_1_132' title='bbox 266 1464 401 1510; x_wconf 85' lang='lat' dir='ltr'>(luxit</span> <span class='ocrx_word' id='word_1_133' title='bbox 424 1464 578 1520; x_wconf 64' lang='lat' dir='ltr'>lonae,</span> <span class='ocrx_word' id='word_1_134' title='bbox 605 1464 758 1510; x_wconf 85' lang='lat' dir='ltr'>donec</span> <span class='ocrx_word' id='word_1_135' title='bbox 783 1474 975 1510; x_wconf 81' lang='lat' dir='ltr'>curvata</span> <span class='ocrx_word' id='word_1_136' title='bbox 1001 1465 1181 1510; x_wconf 85' lang='lat' dir='ltr'>coirent</span> <span class='ocrx_word' id='word_1_137' title='bbox 1373 1464 1465 1512; x_wconf 77' lang='lat'>860</span> 
     </span>
     <span class='ocr_line' id='line_1_22' title="bbox 180 1529 1442 1592; baseline 0 -17"><span class='ocrx_word' id='word_1_138' title='bbox 180 1530 309 1577; x_wconf 85' lang='lat' dir='ltr'>Inter</span> <span class='ocrx_word' id='word_1_139' title='bbox 333 1547 379 1576; x_wconf 87' lang='lat' dir='ltr'>se</span> <span class='ocrx_word' id='word_1_140' title='bbox 407 1530 583 1592; x_wconf 83' lang='lat' dir='ltr'>capita,</span> <span class='ocrx_word' id='word_1_141' title='bbox 611 1539 661 1577; x_wconf 86' lang='lat' dir='ltr'>et</span> <span class='ocrx_word' id='word_1_142' title='bbox 681 1529 1007 1588; x_wconf 84' lang='lat' dir='ltr'>manibusjam</span> <span class='ocrx_word' id='word_1_143' title='bbox 1037 1539 1250 1592; x_wconf 82' lang='lat' dir='ltr'>tangeret</span> <span class='ocrx_word' id='word_1_144' title='bbox 1277 1532 1442 1592; x_wconf 79' lang='lat' dir='ltr'>aequis,</span> 
     </span>
     <span class='ocr_line' id='line_1_23' title="bbox 181 1596 1355 1658; baseline 0.002 -17"><span class='ocrx_word' id='word_1_145' title='bbox 181 1596 318 1642; x_wconf 69' lang='lat' dir='ltr'>Laeva</span> <span class='ocrx_word' id='word_1_146' title='bbox 344 1597 486 1642; x_wconf 80' lang='lat' dir='ltr'>aciem</span> <span class='ocrx_word' id='word_1_147' title='bbox 515 1596 640 1652; x_wconf 86' lang='lat' dir='ltr'>ferri,</span> <span class='ocrx_word' id='word_1_148' title='bbox 665 1596 831 1642; x_wconf 63' lang='lat' dir='ltr'>dextra</span> <span class='ocrx_word' id='word_1_149' title='bbox 856 1612 1094 1657; x_wconf 85' lang='lat' dir='ltr'>nervoque</span> <span class='ocrx_word' id='word_1_150' title='bbox 1117 1598 1355 1658; x_wconf 79' lang='lat' dir='ltr'>papillam.</span> 
     </span>
     <span class='ocr_line' id='line_1_24' title="bbox 179 1660 1301 1725; baseline 0 -17"><span class='ocrx_word' id='word_1_151' title='bbox 179 1660 429 1723; x_wconf 90' lang='lat' dir='ltr'>Extemplo</span> <span class='ocrx_word' id='word_1_152' title='bbox 455 1662 532 1708; x_wconf 90' lang='lat' dir='ltr'>teli</span> <span class='ocrx_word' id='word_1_153' title='bbox 556 1663 801 1709; x_wconf 84' lang='lat' dir='ltr'>stridorem</span> <span class='ocrx_word' id='word_1_154' title='bbox 825 1677 1055 1725; x_wconf 84' lang='lat' dir='ltr'>aurasque</span> <span class='ocrx_word' id='word_1_155' title='bbox 1083 1673 1301 1708; x_wconf 86' lang='lat' dir='ltr'>sonantes</span> 
     </span>
     <span class='ocr_line' id='line_1_25' title="bbox 179 1727 1446 1789; baseline 0.003 -16"><span class='ocrx_word' id='word_1_156' title='bbox 179 1728 343 1775; x_wconf 90' lang='lat' dir='ltr'>Audiit</span> <span class='ocrx_word' id='word_1_157' title='bbox 369 1727 461 1775; x_wconf 68' lang='lat' dir='ltr'>una</span> <span class='ocrx_word' id='word_1_158' title='bbox 485 1732 682 1786; x_wconf 84' lang='lat' dir='ltr'>Arruns,</span> <span class='ocrx_word' id='word_1_159' title='bbox 706 1729 934 1789; x_wconf 77' lang='lat' dir='ltr'>liaesitque</span> <span class='ocrx_word' id='word_1_160' title='bbox 961 1731 1005 1774; x_wconf 89' lang='lat' dir='ltr'>in</span> <span class='ocrx_word' id='word_1_161' title='bbox 1033 1745 1232 1789; x_wconf 86' lang='lat' dir='ltr'>corpore</span> <span class='ocrx_word' id='word_1_162' title='bbox 1257 1730 1446 1777; x_wconf 83' lang='lat' dir='ltr'>serrum.</span> 
     </span>
     <span class='ocr_line' id='line_1_26' title="bbox 181 1793 1466 1858; baseline 0.002 -18"><span class='ocrx_word' id='word_1_163' title='bbox 181 1793 320 1840; x_wconf 87' lang='lat' dir='ltr'>Illum</span> <span class='ocrx_word' id='word_1_164' title='bbox 345 1796 638 1858; x_wconf 83' lang='lat' dir='ltr'>expirantem</span> <span class='ocrx_word' id='word_1_165' title='bbox 665 1796 778 1840; x_wconf 80' lang='lat' dir='ltr'>socii</span> <span class='ocrx_word' id='word_1_166' title='bbox 805 1805 946 1855; x_wconf 87' lang='lat' dir='ltr'>atque</span> <span class='ocrx_word' id='word_1_167' title='bbox 972 1804 1177 1840; x_wconf 83' lang='lat' dir='ltr'>extrema</span> <span class='ocrx_word' id='word_1_168' title='bbox 1201 1804 1466 1856; x_wconf 83' lang='lat' dir='ltr'>gementem</span> 
     </span>
     <span class='ocr_line' id='line_1_27' title="bbox 180 1859 1380 1923; baseline 0 -17"><span class='ocrx_word' id='word_1_169' title='bbox 180 1859 331 1907; x_wconf 90' lang='lat' dir='ltr'>Obliti</span> <span class='ocrx_word' id='word_1_170' title='bbox 358 1861 520 1921; x_wconf 79' lang='lat' dir='ltr'>ignoto</span> <span class='ocrx_word' id='word_1_171' title='bbox 545 1877 819 1922; x_wconf 87' lang='lat' dir='ltr'>camporum</span> <span class='ocrx_word' id='word_1_172' title='bbox 845 1860 888 1906; x_wconf 89' lang='lat' dir='ltr'>in</span> <span class='ocrx_word' id='word_1_173' title='bbox 915 1862 1107 1922; x_wconf 83' lang='lat' dir='ltr'>pulvere</span> <span class='ocrx_word' id='word_1_174' title='bbox 1133 1861 1380 1923; x_wconf 89' lang='lat' dir='ltr'>linquunt:</span> 
     </span>
     <span class='ocr_line' id='line_1_28' title="bbox 182 1926 1392 1989; baseline 0 -17"><span class='ocrx_word' id='word_1_175' title='bbox 182 1926 304 1988; x_wconf 88' lang='lat' dir='ltr'>Opis</span> <span class='ocrx_word' id='word_1_176' title='bbox 329 1927 388 1972; x_wconf 88' lang='lat' dir='ltr'>ad</span> <span class='ocrx_word' id='word_1_177' title='bbox 411 1928 664 1973; x_wconf 77' lang='lat' dir='ltr'>aethereum</span> <span class='ocrx_word' id='word_1_178' title='bbox 696 1926 860 1987; x_wconf 85' lang='lat' dir='ltr'>pennis</span> <span class='ocrx_word' id='word_1_179' title='bbox 886 1927 1095 1973; x_wconf 80' lang='lat' dir='ltr'>aufertur</span> <span class='ocrx_word' id='word_1_180' title='bbox 1119 1927 1392 1989; x_wconf 68' lang='lat' dir='ltr'>Olympum.</span> 
     </span>
     <span class='ocr_line' id='line_1_29' title="bbox 248 1991 1466 2053; baseline 0.001 -16"><span class='ocrx_word' id='word_1_181' title='bbox 248 1991 402 2038; x_wconf 86' lang='lat' dir='ltr'>Prima</span> <span class='ocrx_word' id='word_1_182' title='bbox 421 1992 553 2053; x_wconf 83' lang='lat' dir='ltr'>sugit,</span> <span class='ocrx_word' id='word_1_183' title='bbox 575 1994 765 2038; x_wconf 66' lang='lat' dir='ltr'>domina</span> <span class='ocrx_word' id='word_1_184' title='bbox 791 1992 978 2050; x_wconf 66' lang='lat' dir='ltr'>amissa,</span> <span class='ocrx_word' id='word_1_185' title='bbox 1003 1994 1116 2039; x_wconf 87' lang='lat' dir='ltr'>levis</span> <span class='ocrx_word' id='word_1_186' title='bbox 1135 1995 1206 2039; x_wconf 87' lang='lat' dir='ltr'>ala</span> <span class='ocrx_word' id='word_1_187' title='bbox 1229 1993 1466 2040; x_wconf 79' lang='lat' dir='ltr'>Camillae:</span> 
     </span>
     <span class='ocr_line' id='line_1_30' title="bbox 178 2057 1315 2121; baseline 0 -16"><span class='ocrx_word' id='word_1_188' title='bbox 178 2057 382 2105; x_wconf 86' lang='lat' dir='ltr'>Turbati</span> <span class='ocrx_word' id='word_1_189' title='bbox 409 2059 591 2120; x_wconf 66' lang='lat' dir='ltr'>fugiunt</span> <span class='ocrx_word' id='word_1_190' title='bbox 616 2059 809 2112; x_wconf 84' lang='lat' dir='ltr'>Rutuli;</span> <span class='ocrx_word' id='word_1_191' title='bbox 847 2059 964 2121; x_wconf 85' lang='lat' dir='ltr'>fugit</span> <span class='ocrx_word' id='word_1_192' title='bbox 989 2075 1098 2106; x_wconf 81' lang='lat' dir='ltr'>acer</span> <span class='ocrx_word' id='word_1_193' title='bbox 1124 2061 1315 2113; x_wconf 84' lang='lat' dir='ltr'>Atinas;</span> 
     </span>
     <span class='ocr_line' id='line_1_31' title="bbox 182 2124 1468 2187; baseline 0.001 -17"><span class='ocrx_word' id='word_1_194' title='bbox 182 2125 485 2187; x_wconf 86' lang='lat' dir='ltr'>Disjectique</span> <span class='ocrx_word' id='word_1_195' title='bbox 510 2125 674 2181; x_wconf 89' lang='lat' dir='ltr'>duces,</span> <span class='ocrx_word' id='word_1_196' title='bbox 700 2124 990 2187; x_wconf 82' lang='lat' dir='ltr'>desolatique</span> <span class='ocrx_word' id='word_1_197' title='bbox 1017 2125 1209 2187; x_wconf 76' lang='lat' dir='ltr'>manipli</span> <span class='ocrx_word' id='word_1_198' title='bbox 1377 2131 1468 2179; x_wconf 79' lang='lat'>870</span> 
     </span>
     <span class='ocr_line' id='line_1_32' title="bbox 180 2191 1456 2253; baseline -0.002 -16"><span class='ocrx_word' id='word_1_199' title='bbox 180 2192 309 2237; x_wconf 88' lang='lat' dir='ltr'>Tuta</span> <span class='ocrx_word' id='word_1_200' title='bbox 333 2200 519 2253; x_wconf 85' lang='lat' dir='ltr'>petunt,</span> <span class='ocrx_word' id='word_1_201' title='bbox 541 2200 586 2238; x_wconf 92' lang='lat' dir='ltr'>et</span> <span class='ocrx_word' id='word_1_202' title='bbox 604 2192 733 2253; x_wconf 87' lang='lat' dir='ltr'>equis</span> <span class='ocrx_word' id='word_1_203' title='bbox 752 2192 974 2237; x_wconf 85' lang='lat' dir='ltr'>aversiad</span> <span class='ocrx_word' id='word_1_204' title='bbox 1002 2194 1171 2239; x_wconf 83' lang='lat' dir='ltr'>moenia</span> <span class='ocrx_word' id='word_1_205' title='bbox 1199 2191 1414 2239; x_wconf 87' lang='lat' dir='ltr'>tendunt.</span> <span class='ocrx_word' id='word_1_206' title='bbox 1451 2207 1456 2212; x_wconf 81' lang='lat'><strong>·</strong></span> 
     </span>
     <span class='ocr_line' id='line_1_33' title="bbox 180 2257 1469 2320; baseline -0.002 -16"><span class='ocrx_word' id='word_1_207' title='bbox 180 2257 285 2304; x_wconf 89' lang='lat' dir='ltr'>Nec</span> <span class='ocrx_word' id='word_1_208' title='bbox 302 2258 1469 2320; x_wconf 70' lang='lat' dir='ltr'>quisquaminstantesTeucrosletumquefereutes</span> 
     </span>
     <span class='ocr_line' id='line_1_34' title="bbox 181 2324 1262 2380; baseline 0 -8"><span class='ocrx_word' id='word_1_209' title='bbox 181 2325 455 2372; x_wconf 87' lang='lat' dir='ltr'>Sustentare</span> <span class='ocrx_word' id='word_1_210' title='bbox 481 2325 603 2371; x_wconf 86' lang='lat' dir='ltr'>valet</span> <span class='ocrx_word' id='word_1_211' title='bbox 627 2324 743 2380; x_wconf 84' lang='lat' dir='ltr'>telis,</span> <span class='ocrx_word' id='word_1_212' title='bbox 770 2335 848 2371; x_wconf 89' lang='lat' dir='ltr'>ant</span> <span class='ocrx_word' id='word_1_213' title='bbox 874 2325 1038 2371; x_wconf 80' lang='lat' dir='ltr'>sistere</span> <span class='ocrx_word' id='word_1_214' title='bbox 1066 2325 1262 2378; x_wconf 68' lang='lat' dir='ltr'>contra:</span> 
     </span>
     <span class='ocr_line' id='line_1_35' title="bbox 121 2390 1426 2454; baseline -0.002 -15"><span class='ocrx_word' id='word_1_215' title='bbox 121 2432 123 2439; x_wconf 94' lang='lat'><em>.</em></span> <span class='ocrx_word' id='word_1_216' title='bbox 181 2390 273 2438; x_wconf 85' lang='lat' dir='ltr'>Sed</span> <span class='ocrx_word' id='word_1_217' title='bbox 301 2390 433 2437; x_wconf 89' lang='lat' dir='ltr'>laxos</span> <span class='ocrx_word' id='word_1_218' title='bbox 460 2392 666 2438; x_wconf 83' lang='lat' dir='ltr'>referunt</span> <span class='ocrx_word' id='word_1_219' title='bbox 694 2390 894 2439; x_wconf 87' lang='lat' dir='ltr'>humeris</span> <span class='ocrx_word' id='word_1_220' title='bbox 915 2392 1248 2454; x_wconf 80' lang='lat' dir='ltr'>languentibus</span> <span class='ocrx_word' id='word_1_221' title='bbox 1273 2407 1426 2447; x_wconf 64' lang='lat' dir='ltr'>arene,</span> 
     </span>
    </p>
   </div>
  </div>
 </body>
</html>
