1602 2708
461 96 726 132 AENEIDOS
755 97 864 131 LIB.
905 99 971 133 11.
1303 98 1393 140 123

65 219 169 265 Neu
187 216 412 281 populum
438 215 635 278 antiqua
662 217 752 263 sub
776 216 1004 279 religione
1032 220 1169 268 tueri.

61 286 184 332 Nam
210 285 246 331 si
269 291 424 329 vestra
446 298 613 330 manus
640 284 865 331 violasset
892 285 1013 332 dona
1045 288 1278 336 Minervae
1300 309 1312 345 余

57 352 188 399 Tum
205 366 423 411 magnum
447 350 644 397 exitium
670 351 820 413 (quod
846 352 909 398 Di
933 353 1065 414 prius
1103 370 1239 401 omen
1279 358 1326 403 in

185 434 197 463 1
238 434 342 465 sum
1299 434 1317 470 1

55 434 384 543 Convdi'tantl)
403 484 576 534 Priami
614 483 817 547 imperio
856 485 1222 550 Phrygibusque
1262 432 1392 537 sugg

181 567 316 599 rum:

51 616 132 664 Sin
153 618 370 666 manibus
392 619 556 667 vestris
577 625 780 664 vestram
803 618 1097 666 ascendisset
1117 618 1161 665 in
1182 621 1375 680 urbem3

49 684 186 730 Ultro
212 686 376 733 Asiam
403 703 576 748 magno
602 685 806 747 Pelopea
831 686 890 731 ad
919 687 1089 732 moenia
1116 687 1240 734 bello

48 751 328 809 Venturam,
355 763 402 800 et
430 763 614 800 nostros
640 768 695 798 ea
720 752 819 798 sata
846 769 1036 798 manere
1061 762 1280 816 nepotes.

109 817 310 865 Talibus
335 820 537 875 insidiis,
564 818 837 882 perjurique
862 827 960 864 arte
982 820 1183 876 Sinonis,

46 883 243 932 Credita
266 903 370 941 res余
410 887 638 949 captique
663 886 804 941 dolis,
832 886 1151 950 lacrymisque
1176 890 1349 947 coacti,

46 951 181 1004 Quos
207 968 360 1015 neque
386 953 620 1016 Tydides,
649 968 734 998 nec
761 954 1019 999 Larissaeus
1041 954 1266 1011 Achilles,

45 1017 154 1063 Non
176 1020 286 1065 anni
312 1020 543 1066 domuere
569 1018 754 1076 decem,
781 1036 877 1065 non
904 1020 1030 1066 mille
1057 1021 1244 1068 carinae.

110 1083 207 1132 Hic
234 1086 363 1133 aliud
384 1087 539 1148 majus
565 1086 746 1133 miseris
773 1086 1020 1148 multoque
1047 1088 1347 1135 tremendum

44 1150 290 1212 Objicitur
314 1154 483 1215 magis,
505 1161 650 1213 atque
676 1152 946 1214 improvida
971 1163 1172 1216 pectora
1198 1157 1380 1204 turbat.

42 1217 285 1276 Laocoon,
311 1221 486 1268 ductus
512 1221 739 1281 Neptuno
758 1229 881 1267 sorte
902 1220 1145 1278 sacerdos,
1282 1230 1374 1273 201

41 1284 283 1332 Solemnes
301 1295 488 1334 taurum
516 1287 751 1348 ingentem
777 1288 1018 1333 mactabat
1036 1287 1097 1334 ad
1123 1305 1243 1336 aras.

41 1351 172 1398 Ecce
195 1361 355 1400 autem
380 1354 555 1416 gemini
580 1369 607 1399 a
631 1353 835 1399 Tenedo
862 1354 1118 1416 tranquilla
1144 1371 1230 1417 per
1254 1356 1356 1403 alta

40 1418 304 1475 (Horresco
328 1421 555 1479 referens)
579 1419 817 1466 immensis
844 1421 1045 1467 orbibus
1065 1438 1243 1482 angues

40 1485 337 1534 lncumbunt
362 1488 551 1549 pelago,
578 1487 848 1549 pariterque
873 1489 932 1533 ad
958 1488 1121 1534 littora
1146 1489 1374 1538 tendunt:

41 1551 241 1599 Pectora
262 1570 464 1616 quorum
483 1554 602 1599 inter
627 1552 803 1600 fluctus
828 1563 1029 1610 arrecta,
1050 1554 1285 1617 jubaeque

40 1618 325 1681 Sanguineae
345 1629 634 1684 exsuperant
655 1620 832 1675 undas余
871 1637 984 1684 pars
996 1631 1157 1668 cetera
1170 1632 1371 1684 pontum

41 1685 170 1732 Pone
195 1686 324 1748 legit,
353 1687 606 1748 sinuatque
632 1687 864 1734 immensa
889 1689 1129 1735 volumine
1156 1698 1303 1751 terga.

39 1751 113 1798 Fit
138 1755 321 1800 sonitus
343 1764 596 1816 spumante
621 1753 742 1801 salo:
761 1754 964 1817 jamque
988 1772 1097 1801 arva
1122 1757 1368 1813 tenebant,

36 1819 370 1883 Ardentesque
396 1821 562 1867 oculos
589 1820 776 1867 suffecti
801 1821 1029 1883 sauguine
1050 1831 1096 1869 et
1121 1823 1233 1885 igni,
1272 1831 1369 1872 210

37 1885 183 1932 Sibila
208 1886 484 1934 lambebant
505 1888 674 1950 linguis
694 1888 993 1935 vibrantibus
1015 1905 1113 1936 ora.

38 1951 328 2015 Diffugimus
355 1955 457 2001 visu
484 1971 723 2015 exangues
745 1970 756 1999 :
799 1955 867 2000 illi
891 1956 1077 2018 agmine
1102 1962 1234 2003 c'erto

38 2017 318 2068 Laocoonta
342 2030 541 2084 petunt:
580 2029 627 2068 et
651 2020 858 2083 primum
883 2038 1029 2085 parva
1062 2023 1268 2070 duorum

41 2084 251 2148 Corpora
275 2097 489 2134 natorum
517 2103 710 2150 serpens
736 2088 985 2151 amplexus
1013 2098 1212 2152 uterque

37 2150 279 2216 Implicat,
304 2162 352 2201 et
377 2155 570 2202 miseros
598 2171 753 2201 morsu
779 2154 1057 2218 depascitur
1082 2167 1232 2204 artus.

38 2217 171 2274 Post,
198 2220 353 2282 ipsum
380 2222 556 2268 auxilio
578 2223 857 2268 subeuntem
882 2238 939 2269 ac
965 2224 1059 2269 tela
1084 2223 1308 2270 ferentem

38 2283 327 2348 Corripiunt,
355 2288 590 2351 spirisque
616 2288 764 2349 ligant
788 2287 1062 2351 ingentibus
1084 2306 1094 2336 :
1133 2291 1298 2351 etjam

40 2350 119 2396 Bis
145 2353 351 2400 medium
374 2355 594 2417 amplexi,
624 2356 694 2401 bis
720 2355 846 2402 collo
866 2372 1091 2418 squamea
1117 2357 1297 2403 circum

36 2417 195 2478 Terga
219 2419 336 2478 dati,
363 2432 590 2485 superant
616 2422 772 2484 capite
797 2432 842 2469 et
869 2423 1138 2469 cervicibus
1163 2424 1288 2470 aliis.

36 2481 125 2530 Ille
143 2484 282 2531 simul
305 2489 525 2535 manibus
544 2488 695 2535 tendit
723 2488 946 2535 divellere
971 2494 1140 2546 nodos,
1265 2496 1362 2538 220

39 2549 269 2599 Perfusus
288 2553 416 2600 sanie
441 2556 580 2602 vittas
605 2564 805 2617 atroque
833 2571 1041 2610 veneuo余
