1614 2694
145 56 208 102 50
472 67 520 107 P,
561 65 812 101 VIRG1L11
854 66 1118 102 MARONIS

145 160 353 217 Discere,
382 177 527 223 quam
550 161 713 208 multae
737 162 957 224 Zephyro
984 163 1237 210 turbentur
1261 180 1444 224 arenae;

144 230 258 284 Aut,
284 228 365 274 ubi
390 227 584 290 navigiis
609 229 856 277 violentior
881 229 1047 275 incidit
1075 231 1257 283 Eurus;

144 289 315 350 Nosse,
341 303 462 356 quot
485 295 606 341 Ionii
631 295 819 342 veniant
843 296 901 342 ad
929 296 1093 342 littora
1119 296 1312 346 fluctus.

208 361 312 407 Nec
337 361 448 408 vero
473 370 607 408 terrae
634 361 753 408 ferre
776 379 939 409 omnes
965 363 1121 408 onmia
1146 374 1362 424 possunt.

145 426 443 474 Fluminibus
462 428 655 481 salices;
678 429 942 490 crassisque
961 429 1220 492 paludibus
1240 432 1332 477 alni
1359 444 1369 480 l
1391 441 1448 481 10

145 493 437 551 Nascuntur,
465 495 643 540 steriles
669 496 848 540 saxosis
876 495 1114 541 montibus
1140 498 1259 553 orni,

142 559 326 607 Littora
351 561 562 624 myrtetis
585 561 856 606 lectissima:
896 561 1104 623 denique
1128 575 1317 624 apertos

143 627 362 673 Bacchus
388 636 514 673 amat
538 627 701 682 colleS,
727 627 1018 689 Aquilonem
1043 637 1090 674 et
1114 627 1286 691 frigora
1315 631 1425 676 taxi.

142 694 325 756 Aspice
351 703 398 740 et
422 694 643 740 extremis
669 693 904 740 domitum
931 694 1196 741 cultoribus
1221 697 1400 752 orbem,

143 760 368 822 ansque
394 762 564 806 domos
591 760 824 816 Arabum,
851 761 1106 823 pictosque
1133 762 1367 809 Gelonos.

142 827 318 873 Divisae
341 827 591 874 arboribus
615 829 798 888 patriae.
868 828 982 875 Sola
1006 827 1145 873 India
1167 829 1352 890 nigrum

143 894 252 940 Fert
276 894 493 950 ebenum,
521 894 630 940 solis
654 903 723 939 est
747 895 918 941 thurea
942 895 1069 955 virga
1095 895 1295 944 Sabaeis.

142 960 274 1014 Quid
302 961 388 1007 tibi
412 961 611 1007 odorato
635 959 831 1007 referam
860 960 1079 1007 sudantia
1102 963 1230 1024 ligno

143 1027 477 1089 Balsamaque,
496 1036 546 1074 et
560 1028 735 1073 baccas
751 1044 941 1090 semper
955 1028 1218 1075 frondentis
1229 1032 1452 1080 acanthi?

143 1093 271 1147 Quid
299 1110 487 1141 nemora
513 1094 791 1155 AEtliiopum
818 1095 949 1140 molli
975 1096 1194 1141 canentia
1219 1097 1364 1144 lana?

142 1160 426 1222 Velleraque
454 1169 505 1207 ut
529 1160 654 1207 foliis
680 1160 937 1223 depectant
964 1161 1125 1208 tenuia
1151 1163 1318 1210 Seres?
1360 1173 1446 1214 121

142 1229 243 1273 Aut
269 1243 389 1288 quos
416 1228 612 1274 Oceano
638 1228 837 1289 propior
862 1227 980 1287 gerit
1007 1228 1141 1274 India
1167 1229 1322 1286 lucos,

143 1293 354 1340 Extremi
376 1295 503 1340 sinus
530 1293 686 1340 orbis:
726 1294 808 1340 ubi
833 1300 945 1341 aera
968 1294 1157 1341 vincere
1184 1312 1420 1343 summum

143 1359 341 1405 Arboris
366 1360 493 1406 haud
520 1361 785 1420 ullaeJactu
808 1368 1006 1434 potuere
1032 1361 1218 1422 sagittae
1237 1363 1256 1409 ’ζ

146 1427 206 1473 Et
230 1443 340 1493 gens
365 1426 444 1473 illa
470 1427 663 1489 quidem
691 1428 855 1473 sumtis
879 1443 971 1472 non
1000 1427 1133 1473 tarda
1157 1429 1412 1491 pharetris.

145 1487 310 1540 Media
332 1493 423 1540 fert
449 1495 604 1540 tristes
630 1510 798 1540 succos
823 1493 1108 1568 tardumque
1134 1511 1355 1557 saporem

145 1560 319 1606 Felicis
344 1559 468 1616 mali,
496 1577 592 1622 quo
617 1577 708 1605 non
735 1560 1018 1621 praesentius
1045 1560 1210 1616 ullum,

146 1626 325 1673 Pocula
346 1626 384 1672 si
409 1626 602 1688 quando
628 1642 768 1672 saevae
792 1625 1000 1672 infecere
1021 1642 1255 1686 novercae,

146 1692 574 1755 *Miscueruntque
601 1693 790 1748 herbas,
817 1700 865 1738 et
887 1709 984 1738 non
1010 1693 1202 1740 innoxia
1227 1689 1426 1748 verbus*

147 1759 390 1806 Auxilium
412 1760 556 1815 venit,
575 1776 631 1806 ac
653 1758 876 1805 membris
895 1759 991 1820 agit
1011 1766 1114 1806 atra
1134 1777 1333 1809 venena.
1364 1770 1456 1810 130

148 1825 290 1886 Ipsa
280 1842 443 1886 lngens
466 1826 608 1872 arbos
635 1825 902 1888 faciemque
927 1826 1161 1873 simillima
1185 1827 1347 1885 laur0,
1336 1848 1346 1857 ·

118 1911 122 1919 =
149 1894 227 1948 Et,
255 1893 294 1939 si
317 1909 408 1938 non
434 1892 576 1939 alium
602 1893 695 1940 late
713 1892 920 1953 jactaret
945 1891 1162 1949 odorem,

150 1959 334 2005 Laurus
358 1968 491 2006 erat.
529 1958 645 2006 solia
670 1958 798 2005 haud
823 1958 930 2005 uffis
949 1952 1161 2007 labentia
1182 1961 1368 2016 ventis;

152 2026 260 2071 Flos
285 2026 499 2087 apprima
522 2033 692 2073 tenax:
728 2028 909 2073 animas
932 2034 980 2073 et
1003 2028 1180 2073 olentia
1204 2028 1335 2074 Medi

152 2092 251 2138 Ora
274 2091 439 2139 fovent
462 2092 559 2148 illo,
583 2100 632 2140 et
654 2093 851 2140 senibus
877 2093 1180 2140 medicantur
1203 2094 1401 2141 anhelis.

220 2158 314 2205 Sed
341 2176 537 2221 nequet
520 2159 791 2216 Medorum,
815 2159 950 2207 silvae
974 2159 1197 2206 ditissima
1229 2168 1368 2216 terra,

153 2225 257 2271 Nec
275 2225 469 2286 pulcher
490 2226 702 2283 Ganges,
719 2234 863 2288 atque
875 2243 989 2273 auro
1003 2208 1221 2273 tulbidus
1236 2198 1458 2282 Hermus,

155 2291 401 2338 Laudibus
422 2292 570 2337 ltaliae
589 2301 793 2339 certent:
832 2310 926 2339 non
948 2294 1134 2350 Bactra,
1156 2310 1311 2354 neque
1332 2294 1457 2351 Iudi,

155 2358 379 2419 Totaque
404 2357 642 2404 tliuriferis
662 2359 901 2406 Panchaia
923 2359 1113 2422 pinguis
1136 2361 1303 2406 arenis.

158 2424 276 2472 Haec
301 2425 408 2471 loca
434 2441 526 2471 non
552 2425 675 2472 tauri
700 2426 928 2487 spirantes
952 2426 1182 2472 naribus
1171 2443 1324 2487 ignem
1369 2433 1461 2475 140

159 2490 574 2549 Inverte1e‚satis
563 2492 782 2540 immanis
807 2493 1030 2542 dentibus
1056 2493 1224 2557 liydri;
