1607 2700
584 89 848 126 AENEinos
909 90 1019 124 LIB.
1073 89 1161 123 111.
1414 80 1499 121 141

256 211 404 257 Terra
428 209 600 272 procul
626 209 770 255 vastis
797 210 969 257 colitur
995 209 1229 256 Mavortia
1255 207 1435 270 campis
1458 223 1470 260 ;

189 276 404 324 Thraces
429 285 577 331 arant,
605 276 697 322 acri
732 277 972 337 quondam
1002 284 1193 336 regnata
1223 277 1472 338 Lycurgo;

190 342 468 405 Hospitium
495 342 742 404 antiquum
769 342 951 403 Trojae,
980 341 1192 403 sociique
1222 343 1438 396 Penates,

190 409 317 455 Dum
345 408 532 455 fortuna
559 408 664 455 fuit.
739 411 879 455 feror
904 409 1015 464 huc,
1043 416 1091 455 et
1112 409 1270 454 littore
1297 423 1442 454 curvo

189 475 371 521 Moenia
395 475 549 538 prima
574 475 700 532 loco,
729 475 834 522 fatis
856 475 1091 536 ingressus
1116 473 1321 535 iniquis;

188 541 518 603 AEneadasque
543 559 648 588 meo
674 558 842 588 nomen
865 541 924 587 de
951 541 1140 587 nomine
1166 539 1312 601 fingo.

256 608 404 654 Sacra
430 608 646 655 Dionaeae
671 609 822 664 matri,
849 608 1082 670 Divisque
1110 606 1321 654 ferebam
1451 611 1508 659 19

188 675 478 736 Auspicibus
503 684 771 738 coeptorum
799 691 996 738 operum
1020 692 1030 728 ;
1070 689 1340 736 superoque
1361 671 1508 717 niten-

190 740 476 789 Coelicolfim
501 743 597 803 regi
617 742 886 789 mactabam
904 742 949 787 in
971 742 1128 788 littore
1143 750 1348 787 taurum.
1393 739 1508 801 [tem

191 807 330 854 Forte
352 807 600 869 suitjuxta
625 808 854 864 tumulus,
884 825 978 870 quo
1005 824 1178 854 cornea
1204 821 1391 853 summo

190 874 426 936 Virgusta,
452 882 499 920 et
524 874 684 921 densis
707 875 956 921 hastilibus
985 874 1175 920 horrida
1200 880 1398 934 myrtus,

190 941 406 998 Accessi,
434 940 725 1004 viridemque
751 942 813 988 ab
839 941 983 987 humo
1011 940 1274 988 convellere
1300 939 1469 985 silvam

193 1006 423 1064 Conatus,
445 1008 587 1054 ramis
608 1016 818 1070 tegerem
843 1015 895 1054 ut
918 1007 1252 1054 frondentibus
1278 1021 1412 1060 aras;

192 1073 499 1120 Horrendum
525 1084 571 1121 et
592 1074 723 1121 dictu
751 1074 892 1121 video
917 1074 1136 1121 mirabile
1163 1082 1444 1119 monstrum.

193 1139 334 1196 Nam,
362 1156 471 1202 quae
496 1141 645 1203 prima
674 1142 776 1187 solo
798 1141 946 1204 ruptis
971 1140 1212 1188 radicibus
1240 1139 1383 1185 arbos

191 1206 407 1263 Vellitur,
431 1208 542 1254 huic
567 1216 668 1254 atro
694 1209 940 1271 liquuntur
963 1208 1190 1269 sanguine
1216 1215 1381 1268 guttae,

193 1272 258 1319 Et
285 1282 452 1320 terram
482 1275 596 1322 tabo
622 1275 883 1322 maculant.
925 1275 1045 1321 Mihi
1071 1273 1266 1336 frigidus
1294 1272 1462 1318 horror

195 1340 417 1386 Membra
436 1341 606 1403 quatit,
629 1341 908 1403 gelidusque
929 1342 1024 1387 coit
1050 1340 1297 1386 formidine
1310 1339 1508 1400 sanguis.

195 1405 381 1453 Rursus
408 1416 456 1453 et
479 1408 667 1454 alterius
693 1408 872 1454 lentum
901 1407 1169 1454 convellere
1196 1408 1350 1452 vimen
1453 1411 1510 1453 31

195 1473 443 1536 Insequor,
468 1482 516 1520 et
541 1491 708 1520 causas
734 1474 921 1536 penitus
950 1481 1133 1521 tentare
1159 1473 1385 1519 latentes:

196 1543 317 1586 Ater
334 1549 381 1586 et
406 1541 599 1586 alterius
621 1542 835 1602 sequitur
857 1540 917 1587 de
942 1542 1122 1586 cortice
1148 1539 1350 1600 sanguis.

196 1606 354 1653 Multa
371 1623 564 1653 movens
582 1607 740 1653 animo
758 1607 1003 1669 Nymphas
1021 1607 1515 1667 venerabaragreste5‚

198 1673 562 1737 Gradivumque
587 1682 786 1735 patrem,
809 1674 993 1721 Geticis
1017 1673 1096 1736 qui
1120 1672 1349 1736 praesidet
1375 1672 1515 1726 arvis,

197 1739 307 1786 Rite
327 1741 645 1787 secundarent
672 1741 816 1795 visus,
844 1756 1078 1802 omenque
1103 1740 1330 1786 levarent.

198 1805 364 1854 Tertia
388 1808 469 1854 sed
496 1816 755 1870 postquam
782 1807 961 1867 majore
983 1807 1169 1853 hastilia
1194 1807 1306 1852 nixu

199 1873 480 1936 Aggredior,
508 1874 794 1936 genibusque
816 1875 1027 1920 adversae
1053 1873 1275 1919 obluctor
1299 1887 1476 1919 arenae:

198 1940 424 2003 Eloquar,
444 1957 501 1987 an
520 1941 715 1987 sileam?
740 1941 943 2002 gemitus
970 1939 1294 2003 lacrymabilis
1316 1940 1410 1984 imo
1457 1944 1508 1993 33

200 2008 413 2055 Auditur
437 2008 637 2060 tumulo,
659 2015 706 2054 et
731 2024 823 2053 vox
850 2006 1029 2053 reddita
1059 2006 1206 2053 fertur
1229 2006 1286 2051 ad
1315 2021 1451 2051 aures
1473 2020 1484 2049 z

201 2075 330 2129 Quid
360 2074 596 2131 miserum,
625 2076 784 2129 Ainea,
802 2074 1006 2120 laceras?
1029 2073 1130 2134 jam
1145 2089 1290 2135 parce
1307 2071 1493 2132 sepulto

199 2140 348 2188 Parce
376 2142 477 2203 pias
503 2141 731 2187 scelerare
754 2157 918 2187 manus
942 2158 952 2187 :
993 2157 1086 2186 non
1112 2157 1185 2185 me
1213 2139 1300 2185 tibi
1325 2138 1477 2197 'froja

202 2207 463 2254 Externum
486 2208 593 2254 tulit
616 2225 628 2264 ;
669 2207 794 2253 haud
822 2223 961 2254 cruor
989 2207 1060 2253 hic
1078 2207 1136 2253 de
1161 2207 1319 2268 stipite
1343 2215 1503 2250 manat,

203 2273 442 2337 Heu,fuge
468 2274 685 2322 crudeles
710 2282 874 2333 terras,
896 2273 1006 2336 fuge
1032 2273 1164 2320 littus
1190 2289 1383 2318 avarum
1408 2289 1418 2319 :

202 2341 328 2387 Nam
353 2339 618 2405 Polydorus
643 2357 731 2401 ego
754 2356 764 2386 :
792 2340 870 2387 hic
898 2339 1136 2386 confixum
1164 2339 1314 2386 ferrea
1341 2339 1457 2384 texit

201 2407 428 2453 Telorum
455 2423 604 2470 seges,
628 2407 865 2467 etjaculis
886 2406 1083 2453 increvit
1110 2406 1275 2453 acutiS.

202 2471 330 2521 Tum
357 2472 468 2522 vero
491 2473 687 2539 ancipiti
714 2483 917 2521 mentem
944 2472 1196 2520 formidine
1221 2486 1410 2535 pressus
