1607 2700
524 70 786 106 AENEIDOS
811 69 922 103 LIB.
962 69 1011 103 V.
1352 65 1430 104 193

123 191 247 237 Tum
274 199 409 254 pater
435 191 629 238 AEneas:
668 188 853 244 Vestra,
880 188 1049 250 inquit,
1089 205 1282 238 munera
1306 189 1441 235 vobis

124 258 265 304 Certa
291 264 495 311 manent,
521 254 672 318 pueri,
693 262 742 301 et
764 255 968 316 palmam
995 266 1155 303 movet
1179 257 1342 304 ordine
1362 272 1443 302 ne-

123 324 207 371 Me
230 324 366 370 liceat
390 323 532 368 casfis
557 322 766 368 misereri
792 321 989 367 insontis
1010 322 1164 369 amici.
1323 333 1439 384 [mo.

123 390 202 435 Sic
231 390 370 446 fatuS,
399 397 582 445 tergum
609 387 790 435 Gaetuli
817 388 1018 433 immane
1042 387 1187 434 leonis
1344 395 1434 435 351

121 457 216 503 Dat
236 455 381 512 Salio,
408 455 529 501 villis
554 471 806 501 onerosum
830 462 973 516 atque
999 455 1239 517 unguibus
1266 454 1438 501 aureis.

122 522 216 568 Hic
241 522 412 569 Nisus:
453 522 499 568 Si
525 529 668 577 tanta,
691 521 862 583 inquit,
885 529 994 567 sunt
1017 522 1212 584 praemia
1233 521 1382 578 victis,

120 587 182 635 Et
202 597 247 635 te
272 589 510 651 lapsorum
538 589 756 643 miseret3
798 604 904 649 quae
931 603 1122 634 munera
1153 589 1269 635 Niso

120 653 278 716 Digna
302 654 452 710 dabis,
480 655 676 716 primam
705 655 850 701 merui
877 654 956 716 qui
981 654 1120 702 laude
1146 669 1402 710 coronam;

120 720 182 766 Ni
208 738 295 777 me,
324 738 433 784 quae
460 721 654 778 Salium,
678 720 873 768 fortuna
897 721 1087 767 inimica
1112 721 1332 768 tulisset?

118 786 183 833 Et
197 788 334 835 simul
359 788 433 834 his
458 787 596 834 dictis
622 788 792 835 faciem
819 788 1109 844 ostentabat,
1137 797 1183 835 et
1209 788 1305 835 udo

123 852 304 916 Turpia
328 856 539 901 membra
564 854 696 901 fimo.
766 854 886 900 Risit
912 862 1046 915 pater
1070 855 1280 916 optimus
1306 857 1403 913 olli,

118 918 177 966 Et
198 921 420 984 clypeum
445 921 596 968 efferri
614 921 773 982 jussit,
803 920 1116 982 Didymaonis
1142 930 1284 980 artes,

119 986 333 1050 Neptuni
358 1004 494 1034 sacro
521 989 697 1033 Danais
724 987 780 1034 de
806 995 944 1048 poste
970 985 1185 1034 refixum.
1339 990 1436 1039 350

119 1052 229 1100 Hoc
247 1053 476 1114 juvenem
503 1055 742 1115 egregium
762 1054 1009 1116 praestanti
1035 1069 1228 1102 munere
1247 1055 1410 1104 donat.

180 1120 309 1176 Post,
337 1121 417 1167 ubi
440 1119 644 1167 confecti
667 1137 846 1176 cursus,
868 1127 917 1166 et
940 1120 1067 1166 dona
1093 1122 1300 1184 peregit:

114 1185 272 1243 Nunc,
299 1188 334 1233 si
359 1187 435 1234 cui
459 1187 607 1235 virtus
626 1188 903 1249 animusque
928 1186 971 1232 in
991 1198 1186 1249 pectore
1210 1205 1432 1252 praesenS,

113 1253 268 1310 Adsit,
294 1263 342 1301 et
364 1255 560 1300 evinctis
586 1254 774 1302 attollat
798 1253 992 1299 brachia
1016 1255 1201 1316 palmis.

112 1320 190 1366 Sic
209 1321 289 1377 ait,
317 1329 363 1368 et
387 1321 626 1382 geminum
650 1336 823 1383 pugnae
848 1321 1072 1382 proponit
1097 1322 1348 1371 honorem:

111 1387 293 1433 Victori
321 1388 527 1436 velatum
554 1404 670 1434 auro
696 1387 920 1448 vittisque
938 1387 1233 1449 juvencun1;

109 1452 297 1510 Ensem,
325 1462 466 1516 atque
482 1455 709 1517 insignem
731 1453 929 1516 galeam,
957 1455 1127 1502 solatia
1152 1457 1296 1504 victo.

178 1521 281 1567 Nec
309 1537 463 1568 mora:
503 1521 729 1568 continuo
756 1520 899 1566 vastis
924 1537 1033 1567 cum
1076 1519 1252 1569 viribus
1293 1524 1431 1572 effert

110 1585 210 1633 Ora
230 1588 399 1643 Dares,
423 1604 691 1650 magnoque
713 1586 865 1633 virum
900 1603 950 1634 se
976 1604 1211 1636 murmure
1232 1591 1389 1638 tollit:

110 1652 245 1700 Solus
263 1655 344 1717 qui
367 1654 584 1702 Paridem
612 1654 776 1702 solitus
798 1654 1085 1702 contendere
1106 1665 1305 1711 contra3
1333 1666 1429 1713 370

109 1719 338 1783 Idemque
355 1720 413 1767 ad
438 1722 689 1778 tumulum,
706 1736 802 1783 quo
829 1721 1058 1768 maximus
1076 1725 1287 1772 occubat
1305 1726 1430 1772 Hec-

110 1786 347 1834 Victorem
375 1789 530 1835 Buten
555 1789 747 1835 immani
772 1803 988 1849 corpore,
1018 1790 1168 1850 quise
1309 1794 1428 1856 [ἴση

110 1852 342 1916 Bebrycia
369 1856 559 1902 veniens
588 1856 755 1918 Amyci
780 1854 841 1900 de
862 1862 999 1914 gente
1025 1855 1228 1915 ferebat,

105 1917 333 1978 Perculit,
375 1930 421 1967 et
446 1921 574 1969 fulva
601 1920 930 1968 moribundum
955 1923 1169 1971 extendit
1204 1925 1361 1976 arena.

102 1985 238 2032 Talis
264 1987 415 2048 prima
444 1991 593 2037 Dares
620 1997 762 2049 capnt
787 1988 933 2033 altum
959 1987 1004 2034 in
1042 1991 1202 2051 praelia
1223 1993 1361 2049 tollit,

104 2050 427 2116 Ostenditque
455 2056 672 2102 humeros
696 2056 829 2109 latos,
856 2053 1128 2118 alternaque
1141 2059 1297 2120 jactat

103 2119 312 2166 Brachia
335 2122 640 2183 protendens,
670 2131 717 2169 et
743 2121 958 2168 verberat
978 2122 1151 2171 ictibus
1174 2142 1328 2173 auras.

103 2187 351 2241 Quaeritur
392 2188 503 2236 huic
538 2190 654 2236 alius
676 2206 686 2236 :
726 2205 813 2235 nec
852 2188 1109 2251 quisquam
1145 2209 1201 2238 ex
1242 2192 1426 2255 agmine

240 2260 371 2300 tanto

105 2316 265 2365 Audet
291 2319 419 2367 adire
445 2321 613 2379 virum,
636 2323 949 2384 manibusque
984 2323 1209 2372 inducere
1235 2335 1423 2373 caestus,

110 2385 234 2446 Ergo
251 2386 432 2445 alacris,
460 2398 756 2451 cunctosque
781 2396 949 2452 putans
976 2393 1205 2440 excedere
1231 2393 1401 2454 palma,

106 2450 266 2499 AEneae
291 2453 423 2502 stetit
445 2462 552 2504 ante
579 2456 726 2520 pedes
748 2471 886 2570 :rnec
908 2458 1046 2518 plura
1067 2467 1290 2512 moratus,
1330 2466 1419 2506 381

775 2543 783 2554 .
820 2529 846 2556 O
