1586 2704
128 64 212 102 352
450 73 498 106 1².
538 72 779 110 VIRGILII
825 80 1085 118 MARoNis

119 187 396 249 Praecipites
412 187 680 249 pariterque
696 196 853 235 ruunt.
891 189 972 235 His
988 188 1122 236 addit
1142 192 1409 239 Amastrum

119 254 442 316 Hippotadem
458 256 760 315 sequiturque
779 256 1054 302 incumbens
1066 255 1411 312 eminushasta,

115 321 380 380 Tereaque,
438 319 866 383 Harpalycumque,
924 330 971 368 et
1030 323 1412 383 Demophoonta,

251 386 623 447 Chromimque:

119 452 345 514 Quotque
373 453 540 498 emissa
570 467 708 496 manu
733 452 957 498 contorsit
983 453 1162 512 spicula
1189 453 1317 513 virgo
1347 470 1357 505 ;

114 518 210 563 Tot
234 518 421 580 Phrygii
450 518 663 563 cecidere
694 517 790 562 viri.
850 518 1017 562 Procul
1039 520 1248 580 Ornytus
1275 519 1412 564 arinis

117 584 301 645 Ignotis
325 593 372 630 et
396 600 520 645 equo
548 592 741 627 venator
767 583 938 644 Iapyge
964 583 1137 638 fertur;

116 650 207 696 Cui
234 650 369 711 pellis
391 650 508 694 latos
536 649 753 694 humeros
779 650 1170 710 ereptajuvenco

116 715 375 775 Pugnatori
400 716 550 771 operit
573 732 584 768 ;
623 723 770 775 caput
795 714 955 774 ingens
982 716 1070 760 oris
1096 716 1267 770 hiatus,
1319 715 1418 763 680

118 783 180 828 Et
204 782 337 827 malae
358 782 514 827 texere
541 780 636 842 lupi
661 797 767 825 cum
794 781 1015 826 dentibus
1041 781 1160 826 albis
1183 799 1195 836 ;

116 847 426 920 Agrestisque
454 863 617 893 manus
643 855 793 892 armat
820 863 988 908 sparus
1012 863 1023 893 :
1062 849 1160 908 ipse
1187 845 1383 892 catervis

117 912 362 958 Vertitur
354 929 398 959 tn
425 913 606 967 mediis,
634 921 681 959 et
714 921 814 958 toto
840 915 1009 958 vertice
1035 912 1172 973 supra
1197 922 1284 958 est.

118 980 261 1024 Hunc
284 979 361 1024 illa
380 988 632 1040 exceptum
649 983 820 1039 (neque
838 981 957 1024 enim
974 979 1107 1025 labor
1119 994 1415 1039 agmtnexer-

115 1044 331 1105 Trajicit,
358 1055 403 1089 et
429 1046 729 1106 superhaec
721 1045 909 1089 inimico
929 1055 1123 1104 pectore
1143 1045 1294 1092 fatur:
1324 1046 1417 1108 [so)

117 1113 255 1158 Silvis
280 1120 343 1165 te,
365 1111 626 1173 Τ)ι·,τ1]εηε
653 1110 770 1156 feras
795 1110 967 1164 actitare
991 1112 1203 1170 putasti?

117 1177 328 1223 Advenit
349 1179 424 1237 qui
454 1185 604 1222 vestra
632 1175 731 1221 dies
759 1177 1065 1223 muliebribus
1090 1177 1228 1222 armis
1269 1178 1414 1239 [trum

117 1245 274 1289 Verba
300 1243 610 1304 redarguerit.
666 1242 850 1287 Nomen
878 1252 1034 1288 tamen
1063 1243 1185 1288 hand
1214 1243 1313 1288 leve
1334 1258 1416 1303 pa-

117 1311 343 1355 Manibus
370 1310 458 1354 hoc
481 1307 668 1363 referes,
694 1307 788 1353 telo
814 1308 1043 1354 cecidisse
1069 1309 1294 1354 Camillae.

181 1375 412 1421 Protenus
455 1375 759 1420 Orsilochum
785 1384 830 1419 et
871 1375 1039 1430 Buten,
1083 1376 1177 1421 duo
1217 1374 1418 1420 maxima

243 1441 483 1487 Teucrum
1321 1439 1418 1497 690

116 1506 362 1567 Corpora:
403 1507 481 1552 sed
508 1507 658 1552 Buten
714 1520 927 1552 aversum
957 1505 1159 1567 cuspide
1186 1505 1289 1552 fixit

115 1573 335 1619 Loricam
361 1574 640 1634 galeamque
667 1573 802 1626 inter,
829 1588 923 1633 qua
950 1571 1070 1617 colla
1095 1573 1303 1619 sedentis

114 1639 316 1693 Lucem,
343 1647 392 1685 et
417 1639 537 1684 laevo
564 1637 804 1699 dependet
830 1654 994 1698 parma
1019 1638 1228 1691 lacerto;
1266 1639 1418 1700 [bem,

117 1704 441 1759 Orsilochum,
469 1704 651 1764 fugiens
693 1719 1008 1765 magnumque
1033 1705 1208 1763 agitata
1235 1720 1319 1765 per
1347 1719 1420 1749 or-

113 1770 277 1816 Eludit
301 1787 414 1832 gyro
440 1771 648 1825 interior,
674 1772 982 1831 sequiturque
1008 1778 1302 1831 sequentem.

115 1837 238 1883 Tum
265 1837 464 1882 validam
493 1851 670 1898 perque
694 1852 820 1882 arma
837 1835 934 1881 viro
960 1852 1135 1898 perque
1157 1852 1261 1882 ossa
1280 1851 1417 1882 secu-

116 1903 308 1950 ΑΙίίοι·
298 1919 555 1964 insurgens,
583 1903 737 1948 oranti
764 1911 810 1948 et
835 1902 981 1948 multa
1007 1903 1221 1963 precanti
1290 1901 1419 1964 [rim,

117 1970 462 2031 Congeminat;
504 1970 666 2014 vulnus
691 1968 844 2014 calido
868 1969 985 2029 rigat
1012 1984 1091 2013 ora
1118 1969 1326 2014 cerebro,

182 2036 357 2082 Incidit
378 2036 502 2091 huic,
531 2036 786 2097 subitoque
811 2044 1007 2096 aspectu
1035 2035 1223 2081 territus
1245 2033 1389 2080 haesit

113 2101 509 2163 Appenninicolae
536 2101 732 2148 bellator
757 2100 878 2146 filius
902 2100 1042 2155 Auni,
1320 2107 1421 2154 700

113 2165 252 2212 Haud
267 2168 489 2222 Ligurum
503 2178 755 2221 extremus,
770 2166 881 2212 dum
896 2166 1055 2212 fallere
1073 2164 1169 2210 fata
1185 2165 1418 2211 sinebant.

111 2230 272 2294 Isque,
299 2235 380 2279 ubi
405 2250 450 2279 se
476 2233 605 2280 nullo
622 2234 721 2292 ‚jam
750 2248 890 2278 cursu
919 2232 1118 2279 evadere
1145 2234 1300 2292 pugna

113 2299 278 2353 Posse,
303 2316 456 2361 neque
491 2301 737 2346 instantem
763 2299 971 2361 reginam
997 2306 1222 2353 avertere,
1249 2298 1418 2351 cernit,

112 2363 326 2412 Consilio
352 2381 532 2412 versare
557 2366 690 2411 dolos
717 2365 953 2425 ingressus
976 2372 1023 2411 et
1046 2372 1168 2419 astu,

113 2431 286 2494 Incipit
315 2434 450 2479 haec:
488 2432 615 2487 Quid
643 2440 735 2478 tam
759 2431 1014 2494 egregium,
1034 2430 1066 2475 si
1094 2429 1280 2476 foemina
1306 2429 1420 2474 forti
