1607 2700
586 106 846 142 AENEIDOS
876 107 985 141 Lm.
1027 106 1090 143 11.
1431 96 1519 144 127

185 226 480 276 Transtulit:
520 226 713 273 incensa
739 226 892 273 Danai
918 225 1224 272 dominantur
1248 223 1292 270 in
1319 221 1452 269 urbe.

189 297 387 341 Arduus
408 302 617 347 armatos
643 293 810 340 inediis
837 293 885 339 in
913 292 1152 338 moenibus
1176 300 1339 337 astans

187 360 362 407 Fundit
385 376 557 423 equus,
584 359 831 422 victorque
859 360 1006 407 Sinon
1033 357 1257 404 incendia
1281 356 1454 402 miscet

189 426 449 475 Insultans:
488 427 636 489 portis
662 428 739 472 alii
768 425 1091 488 bipatentibus
1116 422 1305 477 adsunt,
1423 428 1519 470 330

187 493 340 539 Millia
366 502 484 555 quot
511 493 689 556 magnis
716 509 962 555 nunquam
990 492 1159 539 venere
1181 489 1417 553 Mycenis.

189 559 432 607 obsedere
457 560 534 606 alii
560 561 664 606 telis
684 569 882 622 angusta
909 559 1087 605 viarum

189 625 444 688 Oppositi;
484 635 577 674 stat
600 625 710 673 ferri
734 626 858 673 acies
884 641 1112 672 mucrone
1139 638 1361 679 coruscO,

188 692 379 750 Stricta,
407 703 566 755 parata
586 694 720 740 neci:
760 693 835 739 vix
860 692 997 756 primi
1022 691 1186 755 praelia
1211 695 1400 755 tentant

192 759 441 808 Portarum
462 761 642 822 vigiles,
669 768 715 806 et
740 776 872 806 caeco
894 760 1052 805 Marte
1078 757 1321 804 resistunt.
1378 758 1383 761 ’

187 824 1094 890 TalibusOtbryadaedictis,etnumine
1122 823 1297 870 Divum

190 891 243 937 In
271 890 484 939 flammas
507 903 554 940 et
578 894 624 940 in
651 909 781 939 arma
805 893 956 947 feror3
998 891 1095 954 quo
1122 889 1267 937 tristis
1294 887 1516 950 Erinnys,

189 957 299 1011 Quo
325 959 539 1007 fremitus
566 969 722 1016 vocat,
749 968 797 1005 et
817 959 1032 1006 sublatus
1050 957 1108 1004 ad
1130 957 1309 1003 aethera
1325 955 1517 1025 clamor.

190 1024 394 1072 Addunt
418 1043 467 1072 se
491 1026 646 1073 socios
667 1025 884 1088 Rhipeus
908 1034 953 1072 et
982 1026 1212 1071 maximus
1238 1034 1380 1066 arnus
1421 1027 1518 1075 339

191 1091 396 1154 Epytus,
416 1093 564 1140 oblati
582 1092 853 1154 perlunam,
868 1092 1515 1155 Hypanisque‚bDymasque;

196 1157 258 1204 Et
294 1159 425 1205 lateri
458 1160 783 1222 agglomerant
818 1168 1014 1213 nostr03
1058 1158 1350 1219 juvenisque
1422 1155 1518 1201 Co-

191 1224 535 1287 Mygdonides:
580 1226 669 1272 illis
690 1225 750 1272 ad
777 1225 970 1287 Trojam
997 1226 1118 1272 forte
1139 1225 1308 1271 diebus
1335 1223 1520 1289 [roebus

190 1291 411 1350 Venerat,
433 1293 599 1340 insano
621 1292 900 1340 Cassandrae
921 1293 1138 1339 incensus
1162 1307 1320 1337 amore
1339 1309 1351 1347 ;

191 1357 251 1403 Et
275 1373 417 1418 gener
440 1359 669 1406 auxilium
695 1359 881 1404 Priamo
906 1359 1275 1422 Phrygibusque
1302 1357 1483 1406 ferebat
1505 1373 1517 1404 :

190 1422 382 1481 Infelix,
408 1426 490 1489 qui
515 1442 607 1473 non
627 1441 814 1487 sponsae
839 1435 1085 1487 praecepta
1110 1424 1307 1472 furentis

190 1492 425 1540 Audierit.
449 1520 470 1528 -ν

190 1557 324 1611 Quos
352 1559 433 1605 ubi
454 1558 695 1606 confertos
719 1558 895 1605 andere
920 1557 966 1603 in
993 1557 1155 1619 praelia
1181 1557 1296 1612 vidi,

190 1623 375 1685 Incipio
400 1641 543 1687 super
568 1625 636 1671 his
658 1642 669 1673 :
707 1626 931 1681 Juvenes,
959 1624 1215 1671 fortissima
1244 1625 1422 1672 frustra

190 1690 410 1749 Pectora,
438 1692 475 1738 si
499 1692 637 1739 vobis
661 1691 917 1739 audentem
943 1700 1154 1738 extrema
1190 1692 1376 1753 cupido
1393 1699 1466 1738 est

190 1757 334 1804 Certa
359 1759 495 1821 sequi
519 1763 646 1822 (quae
671 1761 736 1806 sit
760 1759 902 1806 rebus
928 1758 1122 1805 fortuna
1147 1757 1336 1810 videtis;
1423 1764 1521 1805 350

190 1824 451 1872 Excessere
477 1842 642 1873 omnes
668 1824 824 1888 adytis
849 1825 1033 1887 arisque
1058 1824 1236 1871 relictis
1393 1825 1521 1888 [urbi

190 1890 271 1947 Di,
319 1892 494 1954 quibus
534 1893 785 1955 imperium
828 1892 922 1939 hoc
966 1900 1192 1939 steterat:
1245 1891 1520 1939 succurritis

190 1955 721 2018 Incensae):moriamur‚
748 1968 795 2006 et
817 1959 864 2005 in
891 1958 1048 2005 media
1072 1975 1200 2005 arma
1220 1975 1428 2006 ruamus.

190 2024 299 2072 Una
321 2027 446 2073 salus
473 2027 628 2083 victis,
668 2026 842 2072 nullam
869 2041 1058 2088 sperare
1084 2026 1308 2072 salutem.

192 2090 273 2138 Sic
297 2092 711 2155 animisjuvenum
735 2093 864 2139 furor
880 2092 1093 2140 additus.
1166 2091 1284 2139 Inde
1305 2092 1406 2155 lupi
1434 2109 1522 2141 ceu

193 2157 447 2220 RaptoreS‚
474 2160 576 2209 atra
602 2159 647 2206 in
668 2160 860 2215 nebula,
884 2176 1006 2221 quos
1027 2160 1246 2221 improba
1266 2160 1442 2208 ventris

194 2223 364 2288 Exegit
389 2243 546 2274 caecos
570 2226 741 2283 rabies,
770 2227 1015 2288 catulique
1039 2227 1191 2273 relicti

198 2289 434 2340 Faucibus
458 2302 716 2356 expectant
741 2293 881 2340 siccis
905 2311 916 2348 ;
954 2309 1040 2357 per
1066 2294 1173 2350 tela,
1202 2309 1288 2356 per
1312 2293 1468 2340 hostes

197 2356 424 2407 Vadimus
483 2359 612 2408 haud
660 2359 855 2407 dubiam
883 2361 929 2406 in
980 2368 1199 2417 mortem,
1256 2361 1522 2424 mediaeque

265 2432 476 2474 tenemus

199 2490 340 2539 Urbis
365 2492 481 2540 iter:
520 2509 613 2540 nox
638 2502 740 2540 atra
766 2493 882 2540 cava
909 2494 1223 2541 circumvolat
1250 2493 1435 2540 umbra.

265 2557 386 2614 Quis
411 2559 597 2608 cladem
617 2559 739 2608 illius
759 2561 934 2620 noctis,
955 2561 1060 2625 quis
1080 2561 1242 2608 funera
1262 2561 1408 2608 fiindo
1430 2558 1517 2608 361
