1614 2694
127 94 186 136 18
469 98 520 133 P.
546 96 797 132 VlRGlLII
822 97 1077 132 MARONIS

125 191 444 252 Craterasque
468 188 566 236 duo
591 198 792 236 statuam
818 191 903 236 tibi
929 191 1120 252 pinguis
1141 191 1269 238 olivi.

123 259 184 308 Et
209 255 359 302 inulto
384 256 607 317 imprimis
630 257 833 303 hilarans
859 258 1075 303 convivia
1093 259 1306 313 Baccho,

122 326 249 370 Ante
274 321 452 378 focum,
480 322 517 368 si
541 322 686 383 frigus
711 324 820 376 erit;
855 324 890 368 si
917 325 1098 379 messis,
1118 324 1163 369 in
1186 323 1370 379 umbra,

122 390 246 435 Vina
268 405 442 435 novum
469 387 663 434 fundam
688 389 883 435 calathis
907 389 1091 436 Ariusia
1117 399 1295 435 nectar.
1361 395 1414 442 71

123 455 395 502 Cantabunt
412 454 528 501 mihi
556 455 814 510 DamoetaS,
837 465 883 502 et
913 457 1107 516 Lyctius
1129 457 1302 515 AEgon:

123 522 354 568 Saltantcs
379 523 569 583 Satyros
595 521 860 567 imitabitur
887 521 1241 581 Alphesiboeus.

123 588 242 635 Haec
271 587 355 633 ubi
380 603 566 649 semper
590 596 744 643 erunt,
770 596 818 633 et
841 587 948 633 cuni
975 589 1184 633 solennia
1208 597 1317 636 vota

123 654 400 702 Reddemus
437 653 686 715 Nymphis,
714 662 761 701 et
795 654 905 700 cum
933 654 1237 700 lustrabimus
1270 671 1406 711 agros

123 721 253 768 Dum
289 721 411 781 juga
443 721 616 766 montis
646 736 775 783 aper,
801 719 968 766 fluvios
995 720 1110 766 (lum
1135 721 1280 782 piscis
1304 738 1428 767 ania-

258 787 347 843 bit,

124 855 350 915 Dumque
369 853 535 916 thymo
553 861 804 915 pascentur
820 866 954 912 apes,
969 853 1083 901 dum
1110 868 1214 900 rore
1233 853 1426 908 cicadae,

125 913 323 982 Semper
386 920 554 975 honOS,
618 936 892 983 nomenque
950 930 1103 976 tuum,
1166 920 1428 981 laudesque

255 986 535 1033 manebunt.

126 1053 194 1100 Ut
217 1053 410 1100 Baccho
435 1051 707 1114 Cererique,
735 1051 821 1098 tibi
846 1051 912 1098 sic
939 1060 1047 1098 vota
1068 1051 1320 1115 quotannis

126 1120 368 1182 Agricolae
393 1119 594 1166 facient:
621 1118 866 1165 damnabis
893 1128 944 1164 tu
971 1135 1160 1180 quoque
1184 1119 1321 1165 votis,
1371 1126 1431 1168 80

129 1199 232 1234 ΜΟ.
259 1186 491 1241 Quacum,
508 1202 614 1247 quae
636 1186 716 1232 tali
735 1186 923 1231 reddam
947 1202 1034 1247 pro
1057 1186 1432 1232 carminedona?

126 1254 252 1300 Nam
280 1269 437 1315 neque
464 1270 533 1298 me
560 1252 744 1298 tantum
770 1252 998 1298 venientis
1026 1252 1190 1298 sibilus
1221 1253 1397 1306 Austri,

126 1320 230 1367 Nec
255 1335 478 1381 percussa
509 1318 682 1378 juvant
720 1318 869 1364 fluctu
903 1327 996 1363 tam
1017 1319 1189 1373 littora,
1211 1335 1298 1364 uec
1325 1336 1433 1379 quae

127 1387 330 1433 Saxosas
357 1386 478 1432 iuter
500 1386 762 1430 decurrunt
786 1383 977 1429 flumina
1004 1385 1164 1430 valles.

130 1466 230 1500 ME.
257 1452 361 1499 Hac
387 1461 432 1499 te
459 1468 543 1498 nos
568 1451 722 1513 fragili
748 1451 1032 1496 donabimus
1058 1451 1168 1496 aute
1191 1449 1366 1496 cicuta.

129 1520 250 1566 Haec
275 1536 375 1575 nos,
398 1519 672 1564 Formosum
700 1516 926 1578 Corydon
953 1517 1151 1563 ardebat
1180 1517 1391 1562 Alexim:

130 1587 249 1633 Haec
274 1585 437 1631 eadem
463 1583 646 1639 docuit,
673 1583 849 1644 Cujum
877 1599 1025 1644 pecus
1045 1585 1063 1629 ’Ξ
1107 1599 1164 1628 an
1194 1583 1440 1629 Meliboei?¹

132 1665 234 1699 Mo.
258 1653 324 1698 At
361 1660 411 1698 tu
450 1667 580 1697 sume
605 1649 796 1712 pedum,
843 1650 987 1711 quod,
1035 1666 1109 1696 me
1154 1649 1262 1695 cum
1306 1665 1435 1711 saepe

262 1725 465 1781 rogaret,

130 1786 244 1833 Non
271 1785 379 1831 tulit
417 1784 693 1845 Antigenes,
730 1786 798 1841 (et
821 1791 918 1829 erat
954 1791 1055 1829 tum
1081 1781 1253 1838 dignus
1274 1781 1434 1834 amari)

133 1853 410 1899 Formosum
432 1852 626 1913 paribus
651 1850 786 1896 nodis
809 1859 955 1912 atque
973 1866 1079 1905 aere,
1107 1849 1347 1895 Menalca.
1374 1856 1437 1904 90

517 1956 786 1998 SILENUS.
825 1954 952 1998 ECL.
986 1955 1067 1996 VI.

134 2041 344 2101 PRIMA
370 2049 623 2114 Syracosio
650 2048 844 2109 dignata
870 2056 941 2095 est
965 2047 1129 2094 ludere
1155 2063 1293 2093 versu

134 2118 328 2173 Nostra,
354 2133 440 2163 nec
463 2116 654 2163 erubuit
679 2116 821 2162 silvas
848 2116 1077 2169 habitare,
1103 2114 1288 2159 Thalia.

136 2185 260 2231 Cum
285 2199 498 2230 canerem
524 2199 657 2244 reges
682 2192 727 2229 et
753 2183 931 2244 praelia,
959 2180 1193 2242 Cynthius
1212 2196 1372 2225 aurem

135 2250 294 2305 Venit,
311 2258 358 2296 et
378 2249 653 2295 admonuit:
692 2251 949 2304 Pastorem,
970 2246 1154 2309 Tityre,
1174 2246 1373 2308 pingues

135 2318 337 2364 Pascere
363 2323 555 2378 oportet
577 2332 703 2372 oves,
729 2315 991 2362 deductum
1018 2313 1177 2360 dicere
1200 2329 1404 2361 carmen.

136 2384 281 2430 Nunc
304 2399 392 2444 ego
433 2385 656 2443 (namque
697 2399 843 2446 super
889 2382 972 2428 tibi
999 2389 1152 2434 eruut,
1180 2379 1259 2440 qui
1282 2379 1440 2426 dicere

271 2449 452 2505 laudes,

140 2519 276 2574 Vare,
297 2524 400 2563 tuas
427 2514 636 2579 cupiant,
663 2523 709 2562 et
731 2513 876 2561 tristia
904 2513 1107 2560 condere
1135 2511 1276 2570 bella)
