1614 2694
523 132 824 168 Bucoch.
867 134 984 168 ECL.
1023 132 1166 169 vm:
1421 124 1485 169 2³

184 229 276 275 Hic
300 226 481 274 tanturn
512 229 676 273 Boreae
699 241 925 274 curamus
946 227 1141 290 frigora,
1167 225 1399 291 qnantum

181 298 282 342 Aut
304 309 551 340 numerum
579 294 737 355 lupus,
773 302 854 340 aut
882 295 1105 340 torrentia
1131 294 1323 342 flumina
1347 294 1472 357 ripas

182 374 306 407 COR.
345 361 477 406 Stant
505 368 551 406 et
569 360 798 421 juniperi,
826 369 872 407 et
898 369 1133 407 castaneae
1160 361 1388 415 lnrsutae3

180 426 515 485 Stratajacent
532 427 708 487 passim
722 442 805 472 sua
819 443 1021 488 quaeque
1034 426 1304 474 subarbore
1316 442 1490 490 poma:

179 493 351 539 Omnia
378 509 505 538 nunc
530 492 721 540 rident:
760 502 810 538 at
836 493 873 539 si
900 495 1136 540 formosus
1163 493 1325 539 Alexis

179 559 430 605 Montibus
458 559 529 605 his
555 559 712 615 abeat,
741 559 905 605 videas
930 568 975 605 et
1002 558 1197 606 flumina
1223 559 1366 607 sicca.

177 637 274 670 TH.
313 629 425 671 Aret
449 641 575 687 ager,
603 626 720 671 vitio
746 626 950 672 moriens
977 626 1074 673 sitit
1098 626 1216 672 aeris
1243 626 1389 673 herba
1416 640 1428 680 ;

179 690 325 737 Liber
348 693 626 754 pampineas
653 691 825 737 invidit
852 692 1053 738 collibus
1080 693 1290 740 umbras,

176 757 408 819 Phyllidis
434 759 644 805 adventu
670 766 847 805 nostrae
874 775 1041 805 nemus
1064 775 1204 805 omne
1229 759 1428 812 virebit;

174 823 363 885 Jupiter
386 832 433 871 et
457 826 566 871 laeto
592 824 853 871 descendet
879 825 1108 887 plurimus
1132 826 1291 872 imbri.
1427 825 1492 874 60

177 902 267 936 co.
312 891 525 952 Populus
551 891 737 937 Alcidae
763 892 1044 952 gratissima,
1072 892 1178 938 vitis
1206 893 1414 939 Iaccho:

176 957 416 1004 Formosae
443 966 624 1020 myrtus
653 958 841 1013 Veneri,
872 974 956 1004 sua
980 958 1139 1005 laurea
1164 959 1367 1006 Phoebo.

174 1024 356 1086 Phyllis
382 1035 511 1071 amat
535 1023 749 1086 corylos:
787 1024 888 1071 illas
913 1024 1028 1071 dum
1056 1025 1232 1087 Phyllis
1259 1025 1459 1082 amabit,

175 1089 281 1137 Nec
308 1100 494 1144 myrtus
520 1091 676 1137 vincet
699 1090 905 1153 corylos,
932 1108 1020 1138 nec
1046 1092 1206 1138 laurea
1232 1092 1414 1139 Phoebi.

173 1169 268 1203 ΤΗ.
294 1157 523 1204 Fraxinus
541 1158 586 1203 in
607 1157 734 1203 silvis
748 1157 1080 1218 pulcherrima,
1096 1159 1238 1221 pinus
1259 1161 1302 1205 in
1323 1158 1490 1214 hortiS‚

172 1222 387 1286 Populus
413 1223 457 1270 in
485 1224 655 1279 fluviis,
682 1224 814 1270 abies
840 1224 884 1269 iu
911 1226 1151 1271 montibus
1177 1225 1313 1272 altis:

177 1289 361 1351 Saepius
387 1300 434 1337 at
460 1291 497 1336 si
523 1308 613 1346 me,
641 1291 824 1353 Lycida
850 1291 1073 1348 formose,
1101 1292 1280 1339 revisas
1303 1311 1314 1347 ;

175 1356 405 1402 Fraxinus
432 1357 478 1403 in
503 1357 631 1404 silvis
658 1356 800 1403 cedat
824 1356 926 1413 tibi,
953 1358 1092 1420 pinus
1116 1359 1159 1403 in
1188 1359 1357 1405 hortis.

177 1435 280 1468 ME.
317 1424 437 1468 Haec
473 1423 681 1480 memini,
719 1432 766 1470 et
793 1423 971 1470 victum
1000 1424 1171 1471 frustra
1200 1423 1490 1472 contendere

304 1487 512 1550 Thyrsin
535 1523 549 1536 .

176 1555 246 1601 Ex
274 1554 352 1601 illo
380 1556 624 1618 Corydon,
651 1554 880 1619 Corydon
905 1569 978 1603 est
1004 1569 1216 1619 tempore
1243 1558 1398 1605 nobis.
1426 1564 1490 1613 '70

380 1704 933 1748 PHARMACEUTRIA.
997 1707 1126 1750 ECL.
1158 1707 1286 1750 VIII.

530 1827 743 1883 Damon,
781 1826 1131 1890 Alphesiboeus.

178 1926 524 1996 PASTORUM
554 1947 763 2003 Musam,
794 1948 1023 1995 Damonis
1048 1956 1095 1996 et
1120 1948 1438 2012 Alphesiboei,

175 2011 431 2060 Immemor
457 2015 709 2060 herbarum
738 2031 858 2076 quos
882 2023 954 2061 est
978 2016 1145 2062 mirata
1164 2017 1379 2076 juvenca

175 2079 444 2136 Certante5‚
470 2097 671 2142 quorum
700 2080 981 2142 stupefactae
1007 2082 1218 2130 carmine
1243 2084 1422 2146 lynceS,

176 2145 237 2190 Et
265 2155 444 2193 mutata
470 2164 579 2194 suos
605 2148 884 2208 requierunt
908 2148 1096 2195 flumina
1125 2166 1321 2196 cursus:

176 2211 404 2259 Damonis
430 2215 616 2260 Musam
644 2215 860 2262 dicemus
886 2223 935 2262 et
962 2216 1275 2278 Alphesiboei.

174 2278 248 2324 'ru
275 2280 405 2335 mihi,
434 2297 515 2326 seu
543 2281 699 2343 magni
726 2281 1042 2344 superasjam
1069 2299 1179 2329 saxa
1203 2284 1420 2332 Timavi:

177 2344 285 2392 Sive
311 2362 439 2393 oram
468 2347 647 2410 lliyrici
673 2349 787 2410 legis
811 2350 1045 2411 aequoris:
1082 2367 1138 2396 en
1164 2350 1251 2396 erit
1281 2367 1489 2413 unquam

180 2411 262 2457 llle
286 2413 402 2469 dies,
432 2414 543 2460 mihi
567 2415 676 2462 cum
702 2415 845 2462 liceat
871 2424 949 2462 tua
975 2417 1135 2463 dicere
1162 2418 1322 2464 facta!

179 2479 250 2525 En
275 2479 378 2536 erit,
405 2489 457 2526 ut
482 2481 623 2528 liceat
647 2490 804 2530 totum
831 2483 944 2529 mihi
970 2490 1088 2530 terre
1115 2500 1200 2546 per
1223 2484 1386 2530 orbem

180 2546 294 2593 Sola
321 2545 597 2608 Sophocleo
625 2558 706 2597 tua
734 2566 942 2598 carmina
969 2549 1110 2613 digna
1137 2550 1398 2596 cothurno!
1433 2558 1487 2595 10
