1586 2704
90 103 185 152 368
424 115 472 148 P.
510 113 760 147 v1RG1L11
802 112 1069 147 MARONIS

89 228 365 291 Subjiciunt
386 229 431 274 in
457 244 624 290 equos,
641 236 690 275 et
714 197 896 276 stiictis
921 229 1114 277 ensibus
1136 230 1325 280 adsunt.

87 297 342 357 Messapus
365 311 540 357 regem,
565 296 785 358 regisque
809 296 993 359 insigne
1019 305 1260 360 gerentem

86 362 387 425 Tyrrhenum
415 363 662 418 Aulesten‚
689 363 858 408 avidus
897 363 1192 412 confundere
1218 365 1391 422 foedus,

85 429 302 476 Adverso
326 437 560 491 proterret
583 445 736 491 equo:
774 429 959 475 ruitille
985 431 1223 505 recedenS,
1295 440 1387 489 291

85 496 148 541 Et
167 495 310 542 miser
330 496 563 560 oppositis
586 512 612 541 a
638 505 770 556 tergo
794 495 870 540 inv
862 495 1050 542 olvitur
1073 499 1182 554 aris,

83 560 137 608 In
151 570 314 624 caput,
328 563 473 624 inque
488 563 731 608 humeros:
745 569 794 607 at
812 561 1021 608 tervidus
1041 535 1234 612 advolat
1258 566 1391 613 hasta

84 630 357 692 Messapus,
374 630 570 690 teloque
595 641 806 674 orantem
831 629 980 674 multa
998 629 1171 676 trabali

85 696 304 758 Desuper
327 697 454 744 altus
473 713 599 758 equo
618 695 820 757 graviter
834 695 960 751 ferit,
986 704 1131 757 atque
1149 697 1213 744 ita
1229 698 1356 746 fatur
1376 714 1388 746 ε

84 763 194 809 Hoc
212 763 383 817 habet;
407 764 509 809 haec
529 763 693 808 melior
711 762 890 821 magnis
911 762 1020 808 data
1033 764 1222 810 victima
1236 765 1389 812 Divis.

85 829 390 876 Concurrunt
414 829 538 886 Itali,
567 829 875 891 spoliantque
896 830 1099 877 calentia
1123 831 1354 878 membra.

148 896 334 943 Obvius
361 897 637 943 ambustum
663 903 838 942 torrem
866 896 1117 943 Corinaeus
1141 897 1203 943 ab
1220 900 1298 944 ara

84 963 309 1026 Corripit,
331 973 379 1010 et
398 964 601 1009 venienti
621 963 786 1009 Ebuso
804 963 1092 1026 plagamque
1106 963 1276 1012 ferenti
1294 972 1390 1022 299

83 1029 313 1092 Occupat
331 1047 383 1077 os
409 1029 607 1076 flammis
627 1046 637 1075 ε
660 1030 740 1075 olli
761 1030 920 1091 ingens
943 1030 1092 1077 barba
1109 1032 1299 1087 reluxit,

80 1096 409 1160 Nidoremque
446 1098 667 1143 ambusta
691 1096 852 1143 dedit:
891 1096 1035 1160 super
1059 1098 1162 1160 ipse
1189 1106 1386 1146 secutus

81 1164 336 1210 Caesariem
366 1165 483 1210 laeva
507 1164 689 1210 turbati
714 1163 905 1224 corripit
923 1164 1088 1220 hostis,

80 1231 415 1294 Impressoque
437 1247 560 1293 genu
587 1231 756 1286 nitens,
782 1238 918 1276 terrae
947 1232 1162 1293 applicat
1186 1231 1364 1294 ipsum.

82 1297 159 1344 Sic
183 1298 337 1360 rigido
360 1299 482 1344 latus
505 1315 614 1344 ense
638 1298 763 1345 ferit.
832 1297 1098 1345 Podalirius
1121 1298 1288 1345 Alsum

79 1365 340 1422 Pastorem,
366 1366 616 1427 primaque
636 1366 740 1411 acie
765 1381 851 1427 per
876 1365 969 1411 tela
985 1373 1219 1422 ruentem,

79 1432 207 1479 Ense
231 1449 437 1495 sequens
463 1432 595 1478 nudo
623 1432 1019 1494 superimminet3
1057 1432 1137 1479 ille
1165 1433 1321 1480 securi

80 1499 285 1546 Adversi
304 1499 506 1546 frontem
534 1499 742 1545 mediam
769 1507 1077 1561 mentumque
1104 1500 1304 1547 reducta

80 1566 290 1627 Disjicit,
315 1574 364 1612 et
388 1583 553 1628 sparso
579 1567 671 1613 late
697 1566 816 1627 rigat
839 1581 974 1612 arma
999 1583 1185 1613 cruore.

80 1633 179 1679 Olli
204 1633 324 1679 dura
348 1635 483 1695 quies
509 1634 678 1679 oculos
703 1643 753 1679 et
775 1633 952 1678 ferreus
979 1640 1118 1695 urget
1287 1639 1385 1688 309
1434 1667 1449 1683 .

80 1700 311 1755 Somnus;
339 1700 382 1745 in
409 1708 633 1746 aeternam
656 1698 950 1746 clauduntur
976 1700 1155 1746 lumina
1173 1707 1384 1747 noctem.

144 1769 210 1813 At
233 1766 341 1829 pius
366 1768 537 1814 AEneas
561 1767 775 1813 dextram
801 1765 1035 1813 tendebat
1053 1767 1283 1813 inermem

79 1833 282 1880 Nudato
307 1835 482 1896 capite,
510 1842 653 1896 atque
680 1849 788 1879 suos
813 1833 1023 1880 clamore
1043 1834 1263 1880 vocabat.

80 1900 192 1954 Quo
217 1901 383 1947 ruitis?
411 1917 577 1962 quaeve
596 1902 683 1947 ista
706 1916 878 1962 repens
902 1900 1141 1947 discordia
1164 1901 1350 1961 surgit?

79 1968 123 2014 O
153 1968 376 2015 cohibete
401 1968 518 2015 iras!
556 1968 706 2014 ictum
723 1967 823 2028 jam
850 1965 1021 2023 foedus,
1048 1975 1096 2013 et
1120 1983 1284 2015 omnes

79 2034 371 2110 Compositae
395 2036 550 2097 leges;
588 2034 740 2081 mihi
720 2050 803 2094 jus
825 2049 1109 2080 concurrere
1134 2034 1247 2090 soli,
1236 2052 1247 2062 ·

77 2102 161 2147 Me
186 2102 340 2159 sinite,
359 2110 504 2165 atque
528 2100 708 2149 auferte
734 2108 901 2147 metus.
957 2102 1060 2155 Εσο
1079 2100 1255 2148 foedera
1270 2100 1382 2149 faxo

77 2169 233 2215 Firma
251 2185 422 2216 manu:
438 2169 773 2230 Turnumjam
795 2167 974 2214 debent
989 2168 1092 2214 haec
1104 2167 1215 2213 m1h1
1233 2183 1380 2218 sacra.

78 2236 181 2282 Has
205 2236 325 2283 inter
349 2253 508 2292 voces,
533 2235 690 2282 media
713 2235 836 2280 inter
856 2235 970 2281 talia
986 2235 1148 2291 verba,

76 2302 205 2349 Ecce
224 2302 327 2348 viro
348 2303 551 2350 stridens
576 2302 663 2349 alis
687 2302 870 2363 allapsa
888 2317 1063 2364 sagma
1094 2310 1193 2355 est3
1284 2309 1382 2360 319

75 2369 319 2416 Incertum
345 2370 440 2432 qua
466 2370 602 2431 pulsa
626 2385 785 2426 manu,
815 2386 910 2431 quo
936 2369 1122 2415 turbine
1147 2368 1346 2425 adacta;

77 2436 196 2489 Quis
223 2445 400 2484 tantam
427 2437 618 2483 Rutulis
637 2435 846 2491 laudem,
871 2451 1092 2489 casusne,
1120 2437 1334 2492 Deusne,

75 2504 332 2552 Attulerit:
353 2519 517 2567 pressa
541 2512 613 2551 est
637 2502 829 2566 insignis
856 2503 1007 2566 gloria
1031 2501 1165 2559 facti,
