1607 2700
97 78 190 120 200
421 83 472 116 ΣΡ.
510 80 747 114 VIRGILII
793 76 1053 114 MARONIS

94 201 322 249 Adversis
348 201 537 262 spatiis;
585 199 887 259 alternosque
911 197 1105 244 orbibus
1129 193 1269 241 orbes

93 267 384 330 Impediunt,
412 283 680 329 pugnaeque
705 266 830 312 cient
855 264 1104 310 simulacra
1133 261 1217 311 sub
1242 259 1401 307 armis.

91 335 154 381 Et
179 351 304 380 nunc
329 341 462 395 terga
483 332 594 395 fuga
614 333 814 385 nudant,
840 346 967 376 nunc
996 329 1185 391 spicula
1209 334 1398 373 vertunt

91 400 290 457 lnfensi,
316 399 447 447 facta
472 400 645 461 pariter
668 414 792 444 nunc
816 412 934 457 pace
961 395 1191 443 feruntur.

90 468 161 514 Ut
184 465 424 528 quondam
451 465 592 512 Creta
610 464 759 512 fertur
783 462 1138 524 Labyrinthus'
1129 479 1172 508 in
1197 462 1295 510 alta

89 533 358 581 Parietibus
384 539 562 578 textum
588 531 726 576 caecis
744 529 849 583 iter,
881 528 1237 590 ancipitemque

91 599 228 646 Mille
254 600 336 645 viis
351 598 571 644 babuisse
587 596 768 650 dolum,
788 594 880 655 qua
899 592 1032 654 signa
1057 595 1288 656 sequendi
1309 602 1404 650 590

90 665 291 712 Falleret
310 664 616 725 indeprensus
642 670 690 709 et
715 660 1019 707 irremeabilis
1039 676 1183 707 error.

90 732 235 778 Haud
262 731 392 777 aliter
416 728 657 775 Teucrum
683 728 782 774 nati
805 726 999 788 vestigia
1023 742 1165 773 cursu

89 797 381 859 Impediunt,
408 804 672 856 texuntque
697 793 834 856 fugas
855 800 904 838 et
923 793 1083 852 praelia
1106 793 1257 840 ludo:

89 864 382 925 Delphinum
417 862 604 915 similes,
631 861 713 923 qui
734 876 819 922 per
845 859 989 905 maria
1016 860 1208 906 humida
1245 858 1406 906 nando

91 931 402 993 Carpathium
439 930 763 991 Libycumque
800 934 979 981 secant,
1019 925 1286 988 luduntque
1322 941 1409 987 per

223 996 387 1046 undas

90 1063 231 1110 Hunc
256 1079 438 1110 morem
460 1060 642 1117 cursfiS‚
657 1068 802 1121 atque
818 1059 922 1106 haec
943 1058 1202 1105 certamina
1227 1059 1408 1121 primus

90 1130 339 1185 Ascanius,
367 1130 555 1190 longam
583 1126 727 1173 muris
748 1126 857 1173 cum
885 1126 1098 1187 cingeret
1116 1125 1307 1180 Albam,

90 1196 288 1251 Retulit,
315 1204 363 1243 et
388 1195 569 1257 priscos
595 1193 759 1240 docuit
783 1193 1022 1239 celebrare
1048 1191 1238 1238 Latinos
1261 1209 1273 1245 ;

91 1263 203 1317 Quo
224 1278 343 1324 puer
367 1262 468 1324 ipse
493 1260 652 1311 modo,
678 1275 841 1306 secum
867 1275 963 1334 quo
987 1258 1132 1304 Troia
1155 1258 1330 1319 pubes.

91 1329 267 1376 Albani
293 1329 499 1376 docuere
519 1342 652 1380 su0s;
671 1326 782 1372 hinc
808 1326 1011 1372 maxima
1038 1325 1175 1384 porro
1310 1326 1406 1375 600

90 1396 293 1459 Accepit
318 1397 485 1451 Roma,
512 1401 558 1440 et
578 1393 782 1456 patrium
803 1409 902 1438 serv
907 1392 1004 1438 avit
1030 1390 1284 1446 honorem,

90 1462 341 1525 Troiaque
366 1478 508 1517 nunc,
528 1461 681 1523 pueri,
713 1459 983 1520 Trojanum
1019 1457 1196 1504 dicitur
1218 1475 1405 1521 agmen.

157 1530 263 1580 Hac
291 1530 537 1576 celebrata
561 1536 697 1574 tenus
725 1534 894 1573 sancto
919 1524 1174 1571 certamina
1200 1528 1341 1599 patri.

90 1592 189 1643 Hic
216 1596 424 1658 primum
451 1596 656 1640 Fortuna
672 1593 817 1640 fidem
842 1600 1028 1639 mutata
1047 1593 1254 1640 novavit.

92 1664 218 1709 Dum
246 1663 386 1710 variis
407 1661 590 1708 tumulo
613 1660 824 1708 referunt
849 1656 1075 1705 solemnia
1099 1657 1240 1715 ludis,

91 1730 204 1775 Irim
226 1728 286 1776 de
310 1729 431 1776 coelo
453 1728 579 1774 misit
603 1726 821 1774 Saturnia
842 1728 971 1774 Juno

90 1795 286 1842 Iliacam
311 1795 370 1842 ad
392 1795 617 1848 classem;
656 1801 916 1855 uentosque
940 1792 1120 1855 aspirat
1143 1791 1289 1847 eunti,

91 1862 247 1909 Multa
257 1878 465 1918 movens,
481 1860 685 1908 necdum
696 1860 945 1922 antiquum
957 1866 1167 1905 saturata
1180 1858 1408 1906 dolorem.

94 1930 182 1975 Illa
206 1929 327 1975 viam
355 1928 563 1976 celerans
583 1943 664 1990 per
686 1927 813 1973 mille
839 1926 1080 1973 coloribus
1105 1941 1285 1981 arcum,

96 1995 224 2042 Nulli
250 1995 349 2042 visa
374 1995 470 2041 cito
494 1994 707 2041 decurrit
729 1993 918 2040 tramite
944 1993 1088 2054 virgo,
1312 1990 1409 2039 610

93 2062 340 2124 Conspicit
355 2062 592 2124 ingentem
613 2077 921 2114 concursum;
943 2068 991 2107 et
1014 2059 1174 2105 littora
1189 2057 1406 2116 lustrans,

92 2130 415 2190 Desertosque
440 2128 568 2175 videt
592 2135 775 2190 portus,
801 2127 1097 2187 classemque
1121 2125 1354 2172 relictam.

91 2196 158 2242 At
182 2196 350 2255 procul
367 2195 412 2240 in
433 2195 531 2241 sola
556 2203 750 2241 secretae
769 2192 990 2241 Troades
1015 2192 1121 2238 acta

93 2262 334 2308 Amissum
349 2261 594 2307 Anchisen
608 2260 803 2316 flebant,
820 2269 1105 2320 cunctaeque
1119 2257 1410 2321 profundum

92 2329 294 2374 Pontum
320 2327 631 2390 aspectabant
656 2326 847 2374 flentes:
886 2326 1002 2373 heu!
1029 2333 1101 2372 tot
1127 2324 1245 2370 vada
1258 2324 1398 2383 fessis

93 2395 156 2440 Et
179 2402 363 2442 tantum
383 2409 622 2456 superesse
647 2393 799 2448 maris,
824 2408 914 2440 vox
933 2392 1151 2440 omnibus
1171 2407 1281 2439 una.

95 2462 272 2509 Urbem
298 2468 455 2515 orant:
496 2460 641 2508 taedet
666 2461 818 2523 pelagi
845 2459 1051 2522 perferre
1083 2459 1312 2506 laborem.
