1614 2694
487 78 799 116 GEORGICA.
837 77 948 112 LIB.
987 77 1051 111 11.
1355 69 1418 111 40

1387 109 1405 119 ν

180 177 284 224 Nec
330 174 501 222 modus
542 174 743 220 inserere
784 178 928 234 atque
968 171 1134 219 oculos
1175 171 1418 236 imponere

246 242 462 304 simplex.

113 309 233 354 Nam
258 307 352 370 qua
378 324 426 354 se
452 304 608 352 medio
633 303 831 351 trudunt
854 303 913 350 de
937 304 1115 351 cortice
1139 320 1355 366 gemmae,

116 376 173 420 Et
198 382 360 420 tenues
383 379 612 434 rumpunt
634 373 833 427 tunicas,
857 378 1087 433 angustus
1113 372 1157 416 in
1182 371 1287 433 ipso

114 441 187 486 Fit
212 440 338 486 nodo
365 439 522 487 sinus:
562 439 655 486 huc
681 438 835 484 aliena
860 453 918 483 ex
940 438 1109 484 arbore
1135 454 1325 499 germen

111 506 387 563 Includunt‚
414 505 608 567 udoque
633 505 811 551 docent
833 504 1092 550 inolescere
1116 504 1256 550 libro.

110 574 208 619 Aut
233 589 418 618 rursum
445 572 620 618 enodes
642 572 799 618 trunci
822 579 1110 625 resecantur,
1137 578 1183 616 et
1207 570 1300 616 alte

113 639 330 685 Finditur
348 639 395 685 in
415 639 620 685 solidum
642 637 801 684 cuneis
823 639 918 693 via3
960 637 1134 684 deinde
1154 636 1333 683 feraces
1359 645 1423 695 79

114 706 291 751 Plantae
315 706 657 752 immittuntur:
696 721 783 750 nec
807 705 1001 766 longum
1027 714 1231 765 tempus,
1275 712 1321 750 et
1359 705 1426 749 in-

110 771 240 817 Exiit
262 772 322 818 ad
350 773 524 819 coelum
551 772 689 817 ramis
713 772 935 817 felicibus
960 769 1119 826 arbos,
1289 771 1424 833 [gens

111 838 414 901 Miraturque
440 855 582 884 novas
610 838 820 893 frondes,
848 847 894 884 et
919 854 1014 883 non
1038 853 1126 883 sua
1148 854 1308 900 poma.

178 904 414 951 Praeterea
433 922 582 968 genus
605 904 731 951 haud
756 921 919 959 unum,
940 921 1026 950 nec
1043 904 1246 950 fortibus
1265 904 1422 961 ulmis,

110 971 218 1018 Nec
246 971 395 1028 salici,
420 973 631 1033 lotoque,
659 988 747 1018 nec
772 971 912 1017 Idaeis
938 970 1225 1034 cyparissis:

112 1038 216 1084 Nec
242 1038 438 1101 pingues
464 1055 603 1086 unam
630 1039 674 1083 in
700 1037 868 1084 faciem
895 1046 1157 1084 nascuntur
1181 1037 1337 1095 olivae,

113 1105 379 1160 Orchades,
405 1113 450 1151 et
475 1105 612 1160 radii,
641 1114 690 1152 et
715 1105 873 1151 amara
897 1105 1064 1166 pausia
1088 1104 1257 1161 bacca,

111 1171 372 1234 Pomaque,
399 1180 447 1219 et
472 1172 662 1220 Alcinoi
689 1172 848 1218 silvae:
884 1188 970 1218 nec
993 1171 1207 1218 surculus
1231 1171 1358 1219 idem

114 1238 415 1295 Crustumiis,
443 1239 688 1303 Syriisque
712 1238 843 1302 piris,
871 1239 1187 1300 gravibusque
1211 1238 1426 1289 volemis,

113 1305 223 1350 Non
251 1304 418 1352 eadem
445 1307 697 1353 arboribus
722 1306 900 1368 pendet
925 1305 1164 1351 vindemia
1186 1307 1377 1364 nostris,

114 1371 272 1426 Quam
300 1372 632 1436 Methymnaeo
657 1373 807 1434 carpit
830 1371 889 1417 de
913 1371 1106 1434 palmite
1133 1372 1334 1420 Lesbos.
1359 1381 1425 1430 90

115 1439 235 1486 Sunt
258 1438 452 1485 Thasiae
478 1441 611 1494 viteS‚
640 1447 749 1485 sunt
772 1447 819 1485 et
843 1438 1137 1485 Mareotides
1163 1439 1320 1495 albae;

115 1504 378 1563 Pinguibus
404 1507 475 1552 hae
502 1506 633 1552 terris
659 1505 852 1561 habiles,
879 1504 1131 1551 levioribus
1154 1504 1261 1552 illae.

116 1571 174 1616 Et
198 1573 343 1619 Passo
370 1571 550 1619 Psithia
578 1572 749 1628 utilior,
777 1572 1032 1634 tenuisque
1058 1572 1242 1633 Lageos

114 1638 380 1684 Tentatura
404 1639 552 1701 pedes
575 1639 701 1693 olim,
730 1638 1041 1700 vincturaque
1067 1638 1294 1701 linguam,

114 1705 388 1767 Purpureae,
412 1706 716 1767 Preciaeque:
754 1713 802 1752 et
825 1721 920 1768 quo
945 1714 991 1752 te
1017 1707 1223 1752 carmine
1251 1706 1427 1766 dicam,

117 1771 374 1818 Rhaetica?
409 1789 498 1819 nec
524 1774 654 1821 cellis
678 1771 788 1819 ideo
813 1772 1048 1819 contende
1072 1772 1299 1821 Falernis,

118 1840 240 1885 Sunt
264 1848 310 1884 et
334 1840 566 1887 Aminaeae
592 1841 724 1896 vites,
752 1838 1014 1886 firmissima
1038 1839 1176 1895 vina;

115 1905 319 1952 Tmolus
343 1914 389 1952 et
414 1908 614 1970 assurgit
638 1906 828 1969 quibus,
855 1913 902 1953 et
926 1922 1009 1953 rex
1032 1905 1133 1965 ipse
1159 1907 1408 1964 PhanaeuS,

117 1972 394 2034 Argitisque
420 1974 590 2030 minor,
617 1973 695 2019 cui
719 1989 814 2018 non
840 1973 1091 2019 certaverit
1115 1973 1225 2029 ulla,

117 2045 216 2086 Aut
241 2038 426 2085 tantum
450 2038 610 2097 fluere,
633 2048 714 2086 aut
736 2039 934 2087 totidem
959 2039 1128 2086 durare
1154 2056 1240 2103 per
1261 2056 1428 2088 annos.

117 2106 227 2152 Non
254 2121 342 2163 ego
368 2115 430 2163 te,
466 2107 558 2154 Dis
584 2116 630 2154 et
656 2107 826 2152 mensis
847 2116 1043 2167 accepta
1070 2106 1305 2162 secundiS,
1340 2114 1426 2154 101

118 2172 425 2230 Transierim,
445 2174 649 2231 Rhodia,
667 2182 713 2220 et
732 2174 942 2230 tumidis,
960 2176 1196 2230 Bumaste,
1214 2174 1429 2221 racemis,

121 2238 214 2286 Sed
241 2255 397 2301 neque
419 2240 563 2303 quam
593 2241 754 2287 multae
776 2241 980 2303 species,
1003 2257 1089 2288 nec
1109 2242 1299 2287 nomina
1322 2258 1431 2302 quae

252 2306 366 2363 sint,
1248 2308 1430 2371 [refert.

121 2372 208 2418 Est
244 2388 498 2430 numerus;
536 2391 693 2438 neque
719 2375 841 2422 enim
868 2391 1064 2422 numero
1089 2375 1432 2437 comprendere

122 2439 282 2494 Quem
306 2439 390 2504 qui
412 2441 534 2493 scire
560 2442 688 2502 velit,
715 2442 887 2505 Libyci
910 2443 1019 2490 velit
1044 2442 1248 2506 aequoris
1272 2441 1396 2488 idem
