1580 2686
490 82 804 117 GEORGICA.
846 84 959 117 Lm.
1003 84 1092 118 111.
1393 72 1456 120 65

136 177 197 224 Et
222 176 374 238 gilvo:
412 183 530 232 tum,
554 176 591 223 si
617 192 710 237 qua
731 192 900 234 sonum
922 178 1092 238 procul
1117 194 1243 224 arma
1261 178 1454 236 dedere,

135 246 269 291 Stare
292 244 398 289 loco
424 244 592 299 nescit,
619 243 765 289 micat
789 243 998 297 auribu3‚
1026 251 1075 289 et
1099 245 1254 291 tremit
1275 254 1420 303 artus,

133 310 498 372 Collectumque
523 309 730 356 fremens
757 309 902 355 volvit
928 309 1017 354 sul)
1043 311 1232 358 naribus
1257 313 1430 373 ignem.

132 376 449 438 Densajuba,
475 385 523 422 et
547 377 715 422 dextro
732 375 917 436 jactata
942 375 1177 421 recumbit
1201 378 1244 423 in
1272 395 1422 426 armo.

130 445 197 489 At
220 442 398 505 duplex
419 443 575 504 agitur
599 458 683 504 per
707 442 898 488 lumbos
925 442 1059 503 spina
1082 459 1093 496 ;
1133 454 1368 506 cavatque

129 508 391 568 Tellurem,
416 519 460 554 et
487 509 640 555 solido
665 509 866 571 graviter
890 518 1028 555 sonat
1054 510 1228 571 ungula
1255 528 1418 558 cornu.

127 575 258 621 Talis
285 576 518 638 Amyclaei
544 576 754 622 domitus
779 575 986 622 Pollucis
1014 575 1213 622 habenis

128 641 367 705 Cyllarus,
395 650 459 698 et,
487 659 690 704 quorum
718 642 853 689 Graii
881 642 1133 688 meminere
1159 648 1334 705 poetar,
1389 651 1454 700 90

127 708 294 754 Martis
319 709 429 770 equi
458 710 660 770 bijugeS‚
688 717 737 756 et
761 709 914 770 magni
941 725 1107 755 currus
1134 711 1355 758 Achillis.

124 773 256 820 Talis
279 783 325 821 et
350 776 451 837 ipse
467 775 641 836 jubam
668 779 852 822 cervice
877 775 1048 821 effudit
1072 775 1246 837 equinii

126 841 356 903 Conjugis
382 842 587 889 adventu
610 843 774 902 pernix
803 842 1045 896 SaturnuS,
1073 851 1122 889 et:
1146 844 1290 889 ¹altum

124 907 290 954 Pelion
309 909 493 954 hinnitu
518 908 702 969 fugiens
730 908 946 969 implevit
971 918 1130 955 acuto,

190 975 335 1020 Hunc
362 991 569 1037 quoque,
594 975 674 1021 ubi
698 984 781 1021 aut
822 975 989 1020 morbo
1028 975 1195 1037 gravis,
1241 983 1322 1022 aut
1348 974 1451 1037 jam

255 1056 442 1103 segnior
466 1057 603 1088 anuis

123 1106 323 1162 Deficit,
349 1107 474 1153 abde
499 1107 662 1163 domo,
687 1123 774 1153 nee
801 1107 927 1169 turpi
955 1107 1145 1168 ignosce
1163 1115 1386 1154 senectae.

125 1174 342 1236 Frigidus
366 1174 413 1219 in
437 1175 667 1220 Venerem
687 1174 855 1229 senior,
881 1174 1151 1236 frustraque
1170 1174 1383 1221 lahorem

122 1240 370 1304 Ingratum
395 1241 570 1295 trahit;
609 1249 671 1297 et,
702 1241 738 1287 si
763 1240 956 1302 quando
981 1241 1041 1287 ad
1069 1242 1235 1303 praelia
1259 1251 1449 1287 ventum

253 1315 343 1364 est,
1381 1316 1444 1365 98

120 1373 191 1421 Ut
214 1374 455 1436 quondam
482 1374 528 1418 in
554 1373 744 1435 stipulis
771 1388 965 1433 magnus
990 1373 1086 1419 sine
1113 1373 1289 1420 viribus
1310 1374 1448 1436 ignis,

119 1441 366 1487 Incassum
383 1440 524 1486 furit.
594 1438 722 1501 Ergo
748 1439 931 1484 animos
957 1456 1209 1501 aevumque
1233 1443 1419 1487 notabis

118 1506 367 1568 Praecipue
388 1524 398 1554 ε
438 1507 545 1552 hinc
568 1506 681 1551 alias
706 1514 849 1560 artes,
877 1506 1155 1567 prolemque
1181 1519 1447 1568 parentum,

119 1573 180 1619 Et
206 1575 310 1635 quis
336 1573 509 1634 cuique
535 1572 674 1618 dolor
698 1572 847 1628 victo,
888 1588 996 1633 quae
1021 1573 1169 1635 gloria
1194 1574 1383 1636 palmae.

117 1639 294 1686 Nonne
316 1639 487 1686 vides?
523 1638 634 1686 cum
659 1638 889 1700 praecipiti
910 1639 1167 1685 certamine
1191 1657 1416 1702 campum

119 1705 420 1769 Corripuere,
447 1715 688 1767 ruuntque
714 1704 851 1751 effusi
877 1721 1062 1751 carcere
1082 1722 1252 1753 currus
1273 1724 1286 1762 ;

117 1772 238 1819 Cum
266 1789 374 1835 spes
399 1772 858 1833 arrectaejuvenum‚
901 1772 1254 1836 exultantiaque
1294 1773 1450 1821 haurit

119 1838 278 1885 Corda
303 1855 450 1902 pavor
471 1840 700 1902 pulsans:
737 1838 802 1883 illi
821 1838 996 1884 instant
1015 1840 1212 1886 verbere
1239 1848 1381 1896 torto,

125 1905 181 1950 Et
200 1908 338 1967 proni
363 1905 481 1952 dant
504 1907 629 1951 lora:
668 1905 797 1950 volat
825 1904 866 1949 vi
886 1904 1095 1951 fervidus
1118 1907 1215 1952 axis
1235 1923 1247 1961 ;
1358 1916 1449 1964 107

115 1971 321 2034 Jamque
346 1971 561 2026 humiles,
583 1971 783 2034 jamque
808 1971 920 2017 elati
945 1972 1147 2019 sublime
1180 1973 1404 2020 videntur

118 2040 243 2084 A'era
262 2054 347 2100 per
370 2054 577 2085 vacuum
604 2037 728 2093 ferri,
754 2045 898 2099 atque
924 2054 1167 2101 assurgere
1209 2040 1255 2085 in
1291 2056 1448 2090 auras.

117 2105 222 2150 Nec
248 2121 394 2160 mora,
421 2121 509 2151 nec
537 2104 738 2165 requies,
808 2105 880 2150 At
911 2104 1052 2151 fulvae
1078 2106 1269 2152 nimbus
1294 2122 1449 2154 arenae

117 2170 350 2226 Tollitur;
388 2172 670 2217 humescunt
695 2170 873 2233 spumis
894 2171 1107 2233 flatuque
1130 2174 1444 2234 sequentum:

118 2236 306 2284 Tantus
332 2253 465 2283 amor
489 2237 702 2292 laudum,
729 2244 878 2283 tantae
904 2246 973 2284 est
998 2239 1192 2286 victoria
1219 2256 1346 2286 curae
1369 2242 1380 2286 ἱ

185 2303 370 2350 Primus
397 2304 736 2350 Erichthonius
763 2319 926 2349 currus
953 2316 1002 2350 et.
1025 2313 1231 2365 quatuor
1254 2322 1393 2352 ausus

119 2369 324 2432 Jungere
348 2387 516 2432 equos,
541 2368 834 2432 rapidusque
861 2371 974 2416 rotis
993 2371 1203 2418 insistere
1229 2372 1398 2420 victor.

122 2437 286 2482 Fraena
310 2436 598 2482 Pelethronii
618 2435 847 2497 Lapithae,
875 2454 1114 2500 gyrosque
1134 2437 1327 2495 dedere,

123 2501 335 2564 Impositi
359 2504 517 2561 domn,
544 2511 688 2566 atque
723 2503 932 2566 equitem
958 2504 1165 2552 docuere
1192 2506 1279 2553 sub
1305 2505 1443 2552 armis
