1546 2686
75 117 163 157 IOQ
435 119 482 152 P.
512 119 759 154 V1RG1L11
788 119 1044 154 MARONIS

66 240 212 286 Nunc
246 236 418 298 Amyci
446 253 605 284 casum
631 237 792 301 gemit,
819 245 866 285 et
891 237 1109 287 crudelia
1132 253 1294 284 secum

70 306 187 352 Fata
230 303 364 366 Lyci,
403 304 672 367 fortemque
709 305 870 368 Gyan,
915 304 1185 369 fortemque
1228 304 1399 351 Cloan-

204 370 357 416 thum.

66 441 70 444 ⁴
133 439 195 485 Et
212 437 316 498 jam
342 435 447 482 finis
473 445 603 492 erat;
643 435 754 482 cum
778 435 967 497 Jupiter
990 436 1163 483 aethere
1189 452 1376 482 summo

68 504 352 566 Despiciens
381 518 504 549 mare
531 502 804 557 velivolum,
831 510 1075 564 terrasque
1094 501 1330 563 jacentes,

68 571 364 633 Littoraque,
391 577 438 615 et
463 569 583 615 latos
608 568 833 630 populos;
872 568 936 614 sie
962 568 1136 615 vertice
1162 568 1267 615 coeli

69 638 310 691 Constitit,
337 642 384 681 et
409 634 576 697 Libyae
602 633 768 681 defixit
792 633 970 681 lumina
992 634 1164 695 regnis.

66 705 236 766 Atque
255 702 387 749 illum
413 702 532 748 tales
551 701 822 762 jactantem
848 708 1046 763 pectore
1066 717 1219 756 curas,

67 769 288 825 Tristior,
315 775 365 815 et
388 768 609 830 lacrymis
631 767 796 813 oculos
821 767 1003 814 suffusa
1023 766 1244 822 nitentes,

67 836 345 899 Alloquitur
410 835 599 883 Venus:
670 834 732 890 O,
794 832 877 895 qui
934 850 1007 880 res
1053 833 1398 895 hominumque

204 902 462 963 Deumque

69 969 271 1019 AEternis
295 967 414 1030 regis
438 966 665 1029 imperiis,
692 975 740 1013 et
764 965 959 1012 fulmine
980 973 1143 1022 terres,
1304 971 1400 1014 230

73 1036 200 1091 Quid
228 1051 360 1082 meus
386 1034 556 1081 AEneas
583 1033 629 1079 in
655 1041 700 1080 te
720 1032 1011 1080 committere
1037 1040 1241 1089 tantum,

69 1102 201 1157 Quid
227 1102 382 1149 Troes
409 1101 638 1161 potuere?
683 1100 856 1163 quibus
881 1107 952 1146 tot
975 1099 1138 1146 funera
1163 1098 1332 1162 passis,

68 1170 286 1217 Cunctus
307 1168 371 1214 ob
397 1168 583 1215 Italiam
605 1175 831 1214 terrarum
860 1166 1098 1213 clauditur
1122 1165 1279 1212 orbis?

69 1236 210 1283 Certe
237 1236 348 1282 hinc
369 1235 611 1280 Romanos
637 1234 766 1290 olim,
794 1232 1094 1280 volventibus
1114 1232 1266 1289 anniS,

68 1303 199 1349 Hinc
226 1302 327 1349 fore
351 1301 595 1357 ductoreS,
618 1308 839 1347 revocato
865 1315 892 1345 a
916 1299 1143 1360 sanguine
1167 1297 1365 1359 Teucri,

68 1369 165 1423 Qui
193 1385 333 1425 mare,
361 1367 443 1430 qui
463 1376 607 1413 terras
633 1366 761 1412 omni
781 1366 961 1413 ditione
987 1373 1216 1421 tenerent,

65 1435 311 1483 Pollicitus
334 1452 344 1482 :
385 1450 493 1497 quae
519 1441 582 1490 te,
609 1432 830 1488 Genitor,
858 1432 1093 1479 sententia
1118 1432 1292 1479 vertit?

67 1503 176 1550 Hoc
201 1502 426 1564 equidem
453 1516 679 1547 occasum
704 1499 871 1561 Trojae
897 1499 1148 1561 tristesque
1173 1500 1334 1546 ruinas

66 1569 286 1626 Solabar‚
316 1568 419 1614 fatis
440 1566 679 1612 contraria
704 1564 803 1612 fata
826 1566 1105 1627 rependens.

64 1636 210 1683 Nunc
235 1633 402 1681 eadem
428 1632 620 1679 fortuna
645 1632 769 1678 viros
795 1638 869 1678 tot
892 1632 1082 1678 casibus
1106 1639 1242 1678 actos
1302 1638 1399 1680 240

64 1701 373 1764 Insequitur;
413 1716 554 1761 quem
597 1699 682 1745 das
721 1697 884 1755 finem,
923 1715 1001 1745 rex
1042 1714 1226 1760 magne,
1265 1698 1398 1744 labo-

65 1771 282 1818 Antenor
306 1768 476 1830 potuit,
499 1765 665 1812 mediis
690 1765 880 1828 elapsus
902 1764 1115 1820 Achivis,
1238 1766 1358 1827 [rum
1381 1765 1400 1811 ἲ

67 1835 286 1899 Illyricos
308 1842 554 1896 penetrare
575 1833 720 1888 sinus,
748 1840 894 1894 atque
913 1831 1074 1878 intima
1101 1838 1232 1878 tutus

66 1903 234 1964 Regna
259 1901 579 1948 Liburnorum
604 1905 653 1945 et
676 1898 858 1945 fontem
883 1914 1104 1961 superare
1124 1897 1347 1945 Timavi:

65 1970 207 2017 Unde
233 1984 313 2029 per
339 1983 419 2013 ora
445 1982 616 2012 novem
642 1974 776 2012 vasto
803 1982 914 2012 cum
940 1981 1182 2012 murmure
1210 1964 1381 2011 montis

65 2036 110 2083 lt
131 2051 256 2081 mare
281 2041 578 2095 proruptum,
605 2040 651 2079 et
675 2033 848 2094 pelago
874 2032 1042 2094 premit
1065 2047 1175 2077 arva
1200 2030 1396 2078 sonanti.

66 2102 164 2149 Hic
191 2109 352 2146 tamen
377 2100 456 2146 ille
481 2099 650 2145 urbem
678 2099 846 2145 Patavi
870 2099 1106 2159 sedesque
1131 2097 1311 2144 locavit

66 2167 384 2222 Teucrorum,
410 2173 457 2211 et
481 2165 611 2227 genti
635 2181 805 2211 nomen
832 2165 983 2221 dedit,
1010 2180 1236 2226 armaque
1262 2162 1366 2209 fixit

65 2233 249 2281 Troia:
287 2248 415 2279 nunc
442 2231 634 2294 placida
659 2232 941 2294 compostus
966 2247 1084 2293 pace
1111 2230 1332 2293 quiescit.

65 2301 188 2356 Nos,
216 2307 295 2346 tua
321 2298 587 2360 progenies,
614 2298 722 2344 coeli
747 2299 921 2361 quibus
947 2297 1108 2344 annuis
1132 2313 1308 2352 arcem,

66 2366 288 2414 Navibus
313 2365 602 2424 (infandum)
627 2364 828 2420 amissis,
854 2364 991 2411 unius
1011 2365 1073 2410 ob
1099 2363 1214 2410 iram
1302 2370 1389 2413 251

71 2432 335 2487 Prodimur,
361 2440 504 2494 atque
526 2431 658 2478 Italis
684 2432 823 2494 longe
848 2429 1164 2492 disjungimur
1188 2429 1298 2476 oris,

74 2499 164 2548 Hic
190 2498 384 2562 pietatis
412 2498 598 2545 honos?
645 2496 721 2544 Sic
747 2514 830 2544 nos
855 2497 899 2543 in
927 2504 1115 2559 sceptra
1138 2494 1366 2558 reponis?

136 2565 235 2614 Olli
256 2564 502 2613 subridens
528 2563 772 2612 hominum
789 2572 916 2612 sator
941 2572 1086 2627 atque
1102 2564 1330 2620 Deorum,
