<?xml version="1.0" encoding="UTF-8"?>
<!DOCTYPE html PUBLIC "-//W3C//DTD XHTML 1.0 Transitional//EN"
    "http://www.w3.org/TR/xhtml1/DTD/xhtml1-transitional.dtd">
<html xmlns="http://www.w3.org/1999/xhtml" xml:lang="en" lang="en">
 <head>
  <title>
</title>
<meta http-equiv="Content-Type" content="text/html;charset=utf-8" />
  <meta name='ocr-system' content='tesseract 3.04.00' />
  <meta name='ocr-capabilities' content='ocr_page ocr_carea ocr_par ocr_line ocrx_word'/>
</head>
<body>
  <div class='ocr_page' id='page_1' title='image "./operaadfidemopti00virguoft/operaadfidemopti00virguoft_0198.png"; bbox 0 0 1607 2700; ppageno 0'>
   <div class='ocr_carea' id='block_1_1' title="bbox 179 67 1149 115">
    <p class='ocr_par' dir='ltr' id='par_1_1' title="bbox 179 67 1149 115">
     <span class='ocr_line' id='line_1_1' title="bbox 179 67 1149 115; baseline -0.002 -8"><span class='ocrx_word' id='word_1_1' title='bbox 179 67 266 115; x_wconf 65' lang='lat'>194·</span> <span class='ocrx_word' id='word_1_2' title='bbox 531 75 581 108; x_wconf 80' lang='lat' dir='ltr'>P·</span> <span class='ocrx_word' id='word_1_3' title='bbox 608 72 860 106; x_wconf 77' lang='lat' dir='ltr'>VIRGILII</span> <span class='ocrx_word' id='word_1_4' title='bbox 888 71 1149 107; x_wconf 48' lang='lat' dir='ltr'>MARQNJS</span> 
     </span>
    </p>
   </div>
   <div class='ocr_carea' id='block_1_2' title="bbox 166 190 1492 2521">
    <p class='ocr_par' dir='ltr' id='par_1_2' title="bbox 166 190 1492 2521">
     <span class='ocr_line' id='line_1_2' title="bbox 169 190 1436 254; baseline 0 -16"><span class='ocrx_word' id='word_1_5' title='bbox 169 193 296 239; x_wconf 85' lang='lat' dir='ltr'>Tum</span> <span class='ocrx_word' id='word_1_6' title='bbox 320 191 438 238; x_wconf 73' lang='lat' dir='ltr'>laeva</span> <span class='ocrx_word' id='word_1_7' title='bbox 464 200 647 239; x_wconf 87' lang='lat' dir='ltr'>taurum</span> <span class='ocrx_word' id='word_1_8' title='bbox 671 207 816 239; x_wconf 90' lang='lat' dir='ltr'>cornu</span> <span class='ocrx_word' id='word_1_9' title='bbox 843 199 990 247; x_wconf 88' lang='lat' dir='ltr'>tenet,</span> <span class='ocrx_word' id='word_1_10' title='bbox 1011 199 1157 254; x_wconf 85' lang='lat' dir='ltr'>atque</span> <span class='ocrx_word' id='word_1_11' title='bbox 1176 191 1240 237; x_wconf 83' lang='lat' dir='ltr'>ita</span> <span class='ocrx_word' id='word_1_12' title='bbox 1266 190 1391 238; x_wconf 87' lang='lat' dir='ltr'>fatur</span> <span class='ocrx_word' id='word_1_13' title='bbox 1430 216 1436 223; x_wconf 76' lang='grc'><em>·</em></span> 
     </span>
     <span class='ocr_line' id='line_1_3' title="bbox 173 258 1348 319; baseline -0.001 -15"><span class='ocrx_word' id='word_1_14' title='bbox 173 259 298 304; x_wconf 79' lang='lat' dir='ltr'>Nate</span> <span class='ocrx_word' id='word_1_15' title='bbox 323 259 443 315; x_wconf 71' lang='lat' dir='ltr'>Dea,</span> <span class='ocrx_word' id='word_1_16' title='bbox 471 258 509 305; x_wconf 86' lang='lat' dir='ltr'>si</span> <span class='ocrx_word' id='word_1_17' title='bbox 533 275 672 305; x_wconf 88' lang='lat' dir='ltr'>nemo</span> <span class='ocrx_word' id='word_1_18' title='bbox 696 259 840 305; x_wconf 87' lang='lat' dir='ltr'>audet</span> <span class='ocrx_word' id='word_1_19' title='bbox 865 275 912 304; x_wconf 89' lang='lat' dir='ltr'>se</span> <span class='ocrx_word' id='word_1_20' title='bbox 933 258 1125 305; x_wconf 87' lang='lat' dir='ltr'>credere</span> <span class='ocrx_word' id='word_1_21' title='bbox 1162 274 1348 319; x_wconf 81' lang='lat' dir='ltr'>pugnae,</span> 
     </span>
     <span class='ocr_line' id='line_1_4' title="bbox 168 323 1414 388; baseline -0.001 -17"><span class='ocrx_word' id='word_1_22' title='bbox 168 325 292 379; x_wconf 80' lang='lat' dir='ltr'>Quae</span> <span class='ocrx_word' id='word_1_23' title='bbox 318 323 424 371; x_wconf 90' lang='lat' dir='ltr'>finis</span> <span class='ocrx_word' id='word_1_24' title='bbox 444 325 631 373; x_wconf 63' lang='lat' dir='ltr'>standi?</span> <span class='ocrx_word' id='word_1_25' title='bbox 669 326 764 388; x_wconf 73' lang='lat' dir='ltr'>quo</span> <span class='ocrx_word' id='word_1_26' title='bbox 789 341 864 371; x_wconf 90' lang='lat' dir='ltr'>me</span> <span class='ocrx_word' id='word_1_27' title='bbox 889 324 1029 371; x_wconf 84' lang='lat' dir='ltr'>decet</span> <span class='ocrx_word' id='word_1_28' title='bbox 1056 341 1206 386; x_wconf 91' lang='lat' dir='ltr'>usque</span> <span class='ocrx_word' id='word_1_29' title='bbox 1227 323 1414 370; x_wconf 63' lang='lat' dir='ltr'>teneri!</span> 
     </span>
     <span class='ocr_line' id='line_1_5' title="bbox 171 390 1488 452; baseline 0.001 -16"><span class='ocrx_word' id='word_1_30' title='bbox 171 392 362 438; x_wconf 82' lang='lat' dir='ltr'>Ducere</span> <span class='ocrx_word' id='word_1_31' title='bbox 388 392 669 452; x_wconf 84' lang='lat' dir='ltr'>donajnbe.</span> <span class='ocrx_word' id='word_1_32' title='bbox 742 391 917 438; x_wconf 90' lang='lat' dir='ltr'>Cuncti</span> <span class='ocrx_word' id='word_1_33' title='bbox 953 391 1090 437; x_wconf 88' lang='lat' dir='ltr'>simul</span> <span class='ocrx_word' id='word_1_34' title='bbox 1115 407 1194 437; x_wconf 90' lang='lat' dir='ltr'>ore</span> <span class='ocrx_word' id='word_1_35' title='bbox 1221 390 1488 437; x_wconf 86' lang='lat' dir='ltr'>fremebant</span> 
     </span>
     <span class='ocr_line' id='line_1_6' title="bbox 171 457 1387 519; baseline -0.002 -16"><span class='ocrx_word' id='word_1_36' title='bbox 171 458 476 516; x_wconf 67' lang='lat' dir='ltr'>Dardanidae,</span> <span class='ocrx_word' id='word_1_37' title='bbox 503 458 733 519; x_wconf 81' lang='lat' dir='ltr'>reddique</span> <span class='ocrx_word' id='word_1_38' title='bbox 753 457 853 503; x_wconf 88' lang='lat' dir='ltr'>viro</span> <span class='ocrx_word' id='word_1_39' title='bbox 880 457 1108 518; x_wconf 89' lang='lat' dir='ltr'>promissa</span> <span class='ocrx_word' id='word_1_40' title='bbox 1128 457 1387 519; x_wconf 83' lang='lat' dir='ltr'>jubebant.</span> 
     </span>
     <span class='ocr_line' id='line_1_7' title="bbox 236 523 1398 587; baseline -0.003 -16"><span class='ocrx_word' id='word_1_41' title='bbox 236 525 331 571; x_wconf 79' lang='lat' dir='ltr'>Hic</span> <span class='ocrx_word' id='word_1_42' title='bbox 355 526 508 587; x_wconf 86' lang='lat' dir='ltr'>gravis</span> <span class='ocrx_word' id='word_1_43' title='bbox 536 525 770 570; x_wconf 86' lang='lat' dir='ltr'>Entellum</span> <span class='ocrx_word' id='word_1_44' title='bbox 796 523 935 569; x_wconf 90' lang='lat' dir='ltr'>dictis</span> <span class='ocrx_word' id='word_1_45' title='bbox 962 525 1162 585; x_wconf 85' lang='lat' dir='ltr'>castigat</span> <span class='ocrx_word' id='word_1_46' title='bbox 1188 527 1398 578; x_wconf 80' lang='lat' dir='ltr'><strong>Acestes,</strong></span> 
     </span>
     <span class='ocr_line' id='line_1_8' title="bbox 173 589 1397 639; baseline 0 -3"><span class='ocrx_word' id='word_1_47' title='bbox 173 591 414 639; x_wconf 83' lang='lat' dir='ltr'><strong>Proximus</strong></span> <span class='ocrx_word' id='word_1_48' title='bbox 439 601 492 638; x_wconf 90' lang='lat' dir='ltr'>ut</span> <span class='ocrx_word' id='word_1_49' title='bbox 515 589 748 637; x_wconf 90' lang='lat' dir='ltr'>viridante</span> <span class='ocrx_word' id='word_1_50' title='bbox 774 597 878 636; x_wconf 91' lang='lat' dir='ltr'>toro</span> <span class='ocrx_word' id='word_1_51' title='bbox 907 589 1184 636; x_wconf 79' lang='lat' dir='ltr'>consederat</span> <span class='ocrx_word' id='word_1_52' title='bbox 1206 591 1365 636; x_wconf 85' lang='lat' dir='ltr'>herbae</span> <span class='ocrx_word' id='word_1_53' title='bbox 1387 607 1397 636; x_wconf 89' lang='lat'><strong>:</strong></span> 
     </span>
     <span class='ocr_line' id='line_1_9' title="bbox 172 655 1355 719; baseline -0.001 -16"><span class='ocrx_word' id='word_1_54' title='bbox 172 659 376 715; x_wconf 89' lang='lat' dir='ltr'>Entelle,</span> <span class='ocrx_word' id='word_1_55' title='bbox 407 660 599 705; x_wconf 88' lang='lat' dir='ltr'>heroum</span> <span class='ocrx_word' id='word_1_56' title='bbox 627 656 866 719; x_wconf 84' lang='lat' dir='ltr'>quondam</span> <span class='ocrx_word' id='word_1_57' title='bbox 890 655 1139 702; x_wconf 85' lang='lat' dir='ltr'>fortissime</span> <span class='ocrx_word' id='word_1_58' title='bbox 1163 656 1355 711; x_wconf 82' lang='lat' dir='ltr'>frustra,</span> 
     </span>
     <span class='ocr_line' id='line_1_10' title="bbox 168 722 1489 786; baseline -0.001 -17"><span class='ocrx_word' id='word_1_59' title='bbox 168 724 384 771; x_wconf 87' lang='lat' dir='ltr'>Tantane</span> <span class='ocrx_word' id='word_1_60' title='bbox 410 733 504 771; x_wconf 90' lang='lat' dir='ltr'>tam</span> <span class='ocrx_word' id='word_1_61' title='bbox 520 725 701 786; x_wconf 85' lang='lat' dir='ltr'>patiens</span> <span class='ocrx_word' id='word_1_62' title='bbox 722 722 852 768; x_wconf 87' lang='lat' dir='ltr'>nullo</span> <span class='ocrx_word' id='word_1_63' title='bbox 874 723 1131 769; x_wconf 80' lang='lat' dir='ltr'>certamine</span> <span class='ocrx_word' id='word_1_64' title='bbox 1157 723 1260 768; x_wconf 88' lang='lat' dir='ltr'>tolli</span> <span class='ocrx_word' id='word_1_65' title='bbox 1392 729 1489 777; x_wconf 82' lang='lat'>390</span> 
     </span>
     <span class='ocr_line' id='line_1_11' title="bbox 170 788 1437 850; baseline -0.002 -14"><span class='ocrx_word' id='word_1_66' title='bbox 170 791 309 837; x_wconf 88' lang='lat' dir='ltr'>Dona</span> <span class='ocrx_word' id='word_1_67' title='bbox 333 790 494 838; x_wconf 64' lang='lat' dir='ltr'>sines?</span> <span class='ocrx_word' id='word_1_68' title='bbox 533 789 614 836; x_wconf 89' lang='lat' dir='ltr'>nbi</span> <span class='ocrx_word' id='word_1_69' title='bbox 639 805 765 835; x_wconf 88' lang='lat' dir='ltr'>nunc</span> <span class='ocrx_word' id='word_1_70' title='bbox 786 788 922 836; x_wconf 83' lang='lat' dir='ltr'>nobis</span> <span class='ocrx_word' id='word_1_71' title='bbox 950 789 1080 835; x_wconf 80' lang='lat' dir='ltr'>Deus</span> <span class='ocrx_word' id='word_1_72' title='bbox 1096 788 1188 844; x_wconf 79' lang='lat' dir='ltr'>ille,</span> <span class='ocrx_word' id='word_1_73' title='bbox 1210 788 1437 850; x_wconf 84' lang='lat' dir='ltr'>magister</span> 
     </span>
     <span class='ocr_line' id='line_1_12' title="bbox 170 855 1489 920; baseline -0.002 -18"><span class='ocrx_word' id='word_1_74' title='bbox 170 856 505 920; x_wconf 82' lang='lat' dir='ltr'>Nequicquam</span> <span class='ocrx_word' id='word_1_75' title='bbox 526 865 813 904; x_wconf 85' lang='lat' dir='ltr'>memoratus</span> <span class='ocrx_word' id='word_1_76' title='bbox 832 857 961 919; x_wconf 83' lang='lat' dir='ltr'>Eryx</span> <span class='ocrx_word' id='word_1_77' title='bbox 979 855 998 902; x_wconf 72' lang='grc' dir='ltr'>’ξ</span> <span class='ocrx_word' id='word_1_78' title='bbox 1036 855 1118 903; x_wconf 88' lang='lat' dir='ltr'>ubi</span> <span class='ocrx_word' id='word_1_79' title='bbox 1144 855 1266 901; x_wconf 88' lang='lat' dir='ltr'>fama</span> <span class='ocrx_word' id='word_1_80' title='bbox 1283 871 1368 916; x_wconf 85' lang='lat' dir='ltr'>per</span> <span class='ocrx_word' id='word_1_81' title='bbox 1388 871 1489 900; x_wconf 89' lang='lat' dir='ltr'>om-</span> 
     </span>
     <span class='ocr_line' id='line_1_13' title="bbox 303 941 410 970; baseline 0 0"><span class='ocrx_word' id='word_1_82' title='bbox 303 941 410 970; x_wconf 83' lang='lat' dir='ltr'>nem</span> 
     </span>
     <span class='ocr_line' id='line_1_14' title="bbox 166 986 1424 1051; baseline -0.001 -16"><span class='ocrx_word' id='word_1_83' title='bbox 166 988 475 1046; x_wconf 85' lang='lat' dir='ltr'>Trinacriam,</span> <span class='ocrx_word' id='word_1_84' title='bbox 503 997 553 1037; x_wconf 87' lang='lat' dir='ltr'>et</span> <span class='ocrx_word' id='word_1_85' title='bbox 578 989 727 1050; x_wconf 87' lang='lat' dir='ltr'>spolia</span> <span class='ocrx_word' id='word_1_86' title='bbox 751 989 831 1035; x_wconf 90' lang='lat' dir='ltr'>illa</span> <span class='ocrx_word' id='word_1_87' title='bbox 862 989 951 1036; x_wconf 89' lang='lat' dir='ltr'>tuis</span> <span class='ocrx_word' id='word_1_88' title='bbox 976 987 1229 1051; x_wconf 76' lang='lat' dir='ltr'>pendentia</span> <span class='ocrx_word' id='word_1_89' title='bbox 1254 986 1424 1035; x_wconf 74' lang='lat' dir='ltr'>tectis?</span> 
     </span>
     <span class='ocr_line' id='line_1_15' title="bbox 168 1053 1492 1117; baseline -0.002 -15"><span class='ocrx_word' id='word_1_90' title='bbox 168 1057 254 1102; x_wconf 90' lang='lat' dir='ltr'>Ille</span> <span class='ocrx_word' id='word_1_91' title='bbox 279 1057 364 1103; x_wconf 90' lang='lat' dir='ltr'>sub</span> <span class='ocrx_word' id='word_1_92' title='bbox 390 1058 521 1104; x_wconf 85' lang='lat' dir='ltr'>haec:</span> <span class='ocrx_word' id='word_1_93' title='bbox 560 1057 669 1103; x_wconf 88' lang='lat' dir='ltr'>Non</span> <span class='ocrx_word' id='word_1_94' title='bbox 695 1056 847 1102; x_wconf 88' lang='lat' dir='ltr'>laudis</span> <span class='ocrx_word' id='word_1_95' title='bbox 874 1071 1023 1111; x_wconf 88' lang='lat' dir='ltr'>amor,</span> <span class='ocrx_word' id='word_1_96' title='bbox 1073 1071 1159 1101; x_wconf 88' lang='lat' dir='ltr'>nec</span> <span class='ocrx_word' id='word_1_97' title='bbox 1180 1055 1329 1117; x_wconf 81' lang='lat' dir='ltr'>gloria</span> <span class='ocrx_word' id='word_1_98' title='bbox 1349 1053 1492 1100; x_wconf 88' lang='lat' dir='ltr'>cessit</span> 
     </span>
     <span class='ocr_line' id='line_1_16' title="bbox 171 1121 1425 1185; baseline -0.002 -17"><span class='ocrx_word' id='word_1_99' title='bbox 171 1123 309 1170; x_wconf 83' lang='lat' dir='ltr'>Pulsa</span> <span class='ocrx_word' id='word_1_100' title='bbox 333 1132 489 1178; x_wconf 89' lang='lat' dir='ltr'>metu;</span> <span class='ocrx_word' id='word_1_101' title='bbox 527 1122 610 1170; x_wconf 86' lang='lat' dir='ltr'>sed</span> <span class='ocrx_word' id='word_1_102' title='bbox 636 1122 757 1169; x_wconf 90' lang='lat' dir='ltr'>enim</span> <span class='ocrx_word' id='word_1_103' title='bbox 783 1122 968 1185; x_wconf 86' lang='lat' dir='ltr'>gelidus</span> <span class='ocrx_word' id='word_1_104' title='bbox 995 1121 1212 1168; x_wconf 85' lang='lat' dir='ltr'>tardante</span> <span class='ocrx_word' id='word_1_105' title='bbox 1236 1122 1425 1167; x_wconf 69' lang='lat' dir='ltr'>senecta</span> 
     </span>
     <span class='ocr_line' id='line_1_17' title="bbox 170 1187 1487 1251; baseline 0 -15"><span class='ocrx_word' id='word_1_106' title='bbox 170 1191 362 1247; x_wconf 72' lang='lat' dir='ltr'>Sanguis</span> <span class='ocrx_word' id='word_1_107' title='bbox 390 1191 546 1246; x_wconf 88' lang='lat' dir='ltr'>hebet,</span> <span class='ocrx_word' id='word_1_108' title='bbox 573 1189 839 1251; x_wconf 83' lang='lat' dir='ltr'>frigentque</span> <span class='ocrx_word' id='word_1_109' title='bbox 859 1189 1032 1236; x_wconf 84' lang='lat' dir='ltr'>effoetae</span> <span class='ocrx_word' id='word_1_110' title='bbox 1056 1189 1101 1234; x_wconf 91' lang='lat' dir='ltr'>in</span> <span class='ocrx_word' id='word_1_111' title='bbox 1123 1203 1322 1250; x_wconf 85' lang='lat' dir='ltr'>corpore</span> <span class='ocrx_word' id='word_1_112' title='bbox 1349 1187 1487 1236; x_wconf 75' lang='lat' dir='ltr'>vires,</span> 
     </span>
     <span class='ocr_line' id='line_1_18' title="bbox 171 1254 1489 1319; baseline -0.002 -17"><span class='ocrx_word' id='word_1_113' title='bbox 171 1256 222 1303; x_wconf 91' lang='lat' dir='ltr'>Si</span> <span class='ocrx_word' id='word_1_114' title='bbox 247 1257 376 1313; x_wconf 85' lang='lat' dir='ltr'>mihi,</span> <span class='ocrx_word' id='word_1_115' title='bbox 401 1273 510 1319; x_wconf 86' lang='lat' dir='ltr'>quae</span> <span class='ocrx_word' id='word_1_116' title='bbox 532 1255 778 1318; x_wconf 86' lang='lat' dir='ltr'>quondam</span> <span class='ocrx_word' id='word_1_117' title='bbox 814 1256 984 1310; x_wconf 77' lang='lat' dir='ltr'>fuerat,</span> <span class='ocrx_word' id='word_1_118' title='bbox 1025 1256 1216 1317; x_wconf 66' lang='lat' dir='ltr'>quaque</span> <span class='ocrx_word' id='word_1_119' title='bbox 1241 1254 1489 1316; x_wconf 84' lang='lat' dir='ltr'>improbus</span> 
     </span>
     <span class='ocr_line' id='line_1_19' title="bbox 170 1320 1489 1383; baseline -0.004 -13"><span class='ocrx_word' id='word_1_120' title='bbox 170 1324 366 1371; x_wconf 76' lang='lat' dir='ltr'>Exultat</span> <span class='ocrx_word' id='word_1_121' title='bbox 388 1322 561 1379; x_wconf 89' lang='lat' dir='ltr'>fidens,</span> <span class='ocrx_word' id='word_1_122' title='bbox 587 1322 627 1369; x_wconf 89' lang='lat' dir='ltr'>si</span> <span class='ocrx_word' id='word_1_123' title='bbox 652 1338 775 1370; x_wconf 90' lang='lat' dir='ltr'>nunc</span> <span class='ocrx_word' id='word_1_124' title='bbox 799 1321 918 1369; x_wconf 91' lang='lat' dir='ltr'>foret</span> <span class='ocrx_word' id='word_1_125' title='bbox 943 1322 1021 1368; x_wconf 90' lang='lat' dir='ltr'>illa</span> <span class='ocrx_word' id='word_1_126' title='bbox 1039 1322 1243 1383; x_wconf 81' lang='lat' dir='ltr'>juventa</span> <span class='ocrx_word' id='word_1_127' title='bbox 1264 1338 1276 1376; x_wconf 89' lang='lat'>;</span> <span class='ocrx_word' id='word_1_128' title='bbox 1380 1320 1489 1382; x_wconf 86' lang='lat' dir='ltr'>[iste</span> 
     </span>
     <span class='ocr_line' id='line_1_20' title="bbox 172 1386 1490 1454; baseline -0.003 -18"><span class='ocrx_word' id='word_1_129' title='bbox 172 1390 312 1437; x_wconf 87' lang='lat' dir='ltr'>Haud</span> <span class='ocrx_word' id='word_1_130' title='bbox 360 1389 582 1454; x_wconf 87' lang='lat' dir='ltr'>equidem</span> <span class='ocrx_word' id='word_1_131' title='bbox 618 1389 770 1452; x_wconf 89' lang='lat' dir='ltr'>pretio</span> <span class='ocrx_word' id='word_1_132' title='bbox 814 1389 1035 1436; x_wconf 90' lang='lat' dir='ltr'>inductus</span> <span class='ocrx_word' id='word_1_133' title='bbox 1073 1388 1373 1451; x_wconf 88' lang='lat' dir='ltr'>pulchroque</span> <span class='ocrx_word' id='word_1_134' title='bbox 1408 1386 1490 1446; x_wconf 88' lang='lat' dir='ltr'>jn-</span> 
     </span>
     <span class='ocr_line' id='line_1_21' title="bbox 301 1473 453 1504; baseline 0.007 -1"><span class='ocrx_word' id='word_1_135' title='bbox 301 1473 453 1504; x_wconf 87' lang='lat' dir='ltr'>veneo</span> 
     </span>
     <span class='ocr_line' id='line_1_22' title="bbox 171 1520 1486 1580; baseline -0.005 -10"><span class='ocrx_word' id='word_1_136' title='bbox 171 1523 445 1580; x_wconf 80' lang='lat' dir='ltr'>Venissem3</span> <span class='ocrx_word' id='word_1_137' title='bbox 483 1541 572 1571; x_wconf 88' lang='lat' dir='ltr'>nec</span> <span class='ocrx_word' id='word_1_138' title='bbox 596 1523 723 1570; x_wconf 87' lang='lat' dir='ltr'>dona</span> <span class='ocrx_word' id='word_1_139' title='bbox 746 1538 920 1570; x_wconf 84' lang='lat' dir='ltr'>moror.</span> <span class='ocrx_word' id='word_1_140' title='bbox 981 1521 1057 1569; x_wconf 90' lang='lat' dir='ltr'>Sic</span> <span class='ocrx_word' id='word_1_141' title='bbox 1082 1520 1253 1569; x_wconf 90' lang='lat' dir='ltr'>deinde</span> <span class='ocrx_word' id='word_1_142' title='bbox 1278 1522 1486 1572; x_wconf 86' lang='lat' dir='ltr'>locutus,</span> 
     </span>
     <span class='ocr_line' id='line_1_23' title="bbox 172 1587 1480 1652; baseline -0.002 -15"><span class='ocrx_word' id='word_1_143' title='bbox 172 1592 226 1638; x_wconf 89' lang='lat' dir='ltr'>In</span> <span class='ocrx_word' id='word_1_144' title='bbox 255 1590 461 1637; x_wconf 86' lang='lat' dir='ltr'>medium</span> <span class='ocrx_word' id='word_1_145' title='bbox 486 1591 696 1652; x_wconf 89' lang='lat' dir='ltr'>geminos</span> <span class='ocrx_word' id='word_1_146' title='bbox 715 1588 909 1636; x_wconf 87' lang='lat' dir='ltr'>immani</span> <span class='ocrx_word' id='word_1_147' title='bbox 927 1587 1139 1650; x_wconf 87' lang='lat' dir='ltr'>pondere</span> <span class='ocrx_word' id='word_1_148' title='bbox 1159 1596 1333 1635; x_wconf 83' lang='lat' dir='ltr'>caestus</span> <span class='ocrx_word' id='word_1_149' title='bbox 1392 1591 1480 1634; x_wconf 82' lang='lat'>401</span> 
     </span>
     <span class='ocr_line' id='line_1_24' title="bbox 171 1655 1322 1719; baseline -0.003 -16"><span class='ocrx_word' id='word_1_150' title='bbox 171 1657 381 1718; x_wconf 83' lang='lat' dir='ltr'>Projecit</span> <span class='ocrx_word' id='word_1_151' title='bbox 399 1675 410 1712; x_wconf 90' lang='lat'><strong>;</strong></span> <span class='ocrx_word' id='word_1_152' title='bbox 448 1657 620 1719; x_wconf 91' lang='lat' dir='ltr'>quibus</span> <span class='ocrx_word' id='word_1_153' title='bbox 638 1672 747 1703; x_wconf 88' lang='lat' dir='ltr'>acer</span> <span class='ocrx_word' id='word_1_154' title='bbox 767 1657 893 1719; x_wconf 82' lang='lat' dir='ltr'>Eryx</span> <span class='ocrx_word' id='word_1_155' title='bbox 917 1655 960 1700; x_wconf 91' lang='lat' dir='ltr'>in</span> <span class='ocrx_word' id='word_1_156' title='bbox 978 1655 1140 1716; x_wconf 87' lang='lat' dir='ltr'>praelia</span> <span class='ocrx_word' id='word_1_157' title='bbox 1163 1662 1322 1700; x_wconf 88' lang='lat' dir='ltr'>suetus</span> 
     </span>
     <span class='ocr_line' id='line_1_25' title="bbox 173 1720 1443 1785; baseline -0.002 -14"><span class='ocrx_word' id='word_1_158' title='bbox 173 1725 311 1772; x_wconf 83' lang='lat' dir='ltr'>Ferre</span> <span class='ocrx_word' id='word_1_159' title='bbox 333 1740 539 1780; x_wconf 88' lang='lat' dir='ltr'>manum,</span> <span class='ocrx_word' id='word_1_160' title='bbox 567 1722 784 1785; x_wconf 87' lang='lat' dir='ltr'>duroque</span> <span class='ocrx_word' id='word_1_161' title='bbox 803 1720 1050 1769; x_wconf 83' lang='lat' dir='ltr'>intendere</span> <span class='ocrx_word' id='word_1_162' title='bbox 1076 1720 1265 1767; x_wconf 87' lang='lat' dir='ltr'>brachia</span> <span class='ocrx_word' id='word_1_163' title='bbox 1291 1729 1443 1782; x_wconf 44' lang='lat' dir='ltr'>tergo,</span> 
     </span>
     <span class='ocr_line' id='line_1_26' title="bbox 172 1788 1386 1853; baseline -0.002 -18"><span class='ocrx_word' id='word_1_164' title='bbox 172 1791 479 1853; x_wconf 81' lang='lat' dir='ltr'>Obstupuere</span> <span class='ocrx_word' id='word_1_165' title='bbox 503 1789 672 1836; x_wconf 88' lang='lat' dir='ltr'>animi:</span> <span class='ocrx_word' id='word_1_166' title='bbox 711 1796 949 1836; x_wconf 90' lang='lat' dir='ltr'>tantorum</span> <span class='ocrx_word' id='word_1_167' title='bbox 975 1788 1182 1850; x_wconf 85' lang='lat' dir='ltr'>ingentia</span> <span class='ocrx_word' id='word_1_168' title='bbox 1206 1795 1386 1849; x_wconf 84' lang='lat' dir='ltr'>septem</span> 
     </span>
     <span class='ocr_line' id='line_1_27' title="bbox 171 1853 1407 1920; baseline -0.004 -16"><span class='ocrx_word' id='word_1_169' title='bbox 171 1858 326 1920; x_wconf 85' lang='lat' dir='ltr'>Terga</span> <span class='ocrx_word' id='word_1_170' title='bbox 352 1858 495 1904; x_wconf 89' lang='lat' dir='ltr'>boum</span> <span class='ocrx_word' id='word_1_171' title='bbox 520 1857 720 1920; x_wconf 91' lang='lat' dir='ltr'>plumbo</span> <span class='ocrx_word' id='word_1_172' title='bbox 744 1856 902 1903; x_wconf 86' lang='lat' dir='ltr'>insuto</span> <span class='ocrx_word' id='word_1_173' title='bbox 927 1853 1149 1916; x_wconf 89' lang='lat' dir='ltr'>ferroque</span> <span class='ocrx_word' id='word_1_174' title='bbox 1172 1854 1407 1917; x_wconf 83' lang='lat' dir='ltr'>rigebant.</span> 
     </span>
     <span class='ocr_line' id='line_1_28' title="bbox 172 1922 1485 1986; baseline -0.004 -15"><span class='ocrx_word' id='word_1_175' title='bbox 172 1927 295 1971; x_wconf 85' lang='lat' dir='ltr'>Ante</span> <span class='ocrx_word' id='word_1_176' title='bbox 319 1941 479 1972; x_wconf 83' lang='lat' dir='ltr'>omnes</span> <span class='ocrx_word' id='word_1_177' title='bbox 505 1931 664 1986; x_wconf 83' lang='lat' dir='ltr'>stupet</span> <span class='ocrx_word' id='word_1_178' title='bbox 680 1923 781 1986; x_wconf 90' lang='lat' dir='ltr'>ipse</span> <span class='ocrx_word' id='word_1_179' title='bbox 807 1924 975 1979; x_wconf 89' lang='lat' dir='ltr'>Dares,</span> <span class='ocrx_word' id='word_1_180' title='bbox 1003 1922 1241 1983; x_wconf 74' lang='lat' dir='ltr'>longeque</span> <span class='ocrx_word' id='word_1_181' title='bbox 1265 1929 1485 1968; x_wconf 81' lang='lat' dir='ltr'>recusat:</span> 
     </span>
     <span class='ocr_line' id='line_1_29' title="bbox 175 1987 1443 2054; baseline -0.005 -16"><span class='ocrx_word' id='word_1_182' title='bbox 175 1989 951 2054; x_wconf 87' lang='lat' dir='ltr'>MagnanimusqueAnchisiades,</span> <span class='ocrx_word' id='word_1_183' title='bbox 973 1998 1020 2035; x_wconf 91' lang='lat' dir='ltr'>et</span> <span class='ocrx_word' id='word_1_184' title='bbox 1050 1987 1261 2051; x_wconf 90' lang='lat' dir='ltr'>pondus,</span> <span class='ocrx_word' id='word_1_185' title='bbox 1276 1997 1322 2033; x_wconf 83' lang='lat' dir='ltr'>et</span> <span class='ocrx_word' id='word_1_186' title='bbox 1341 1989 1443 2049; x_wconf 82' lang='lat' dir='ltr'>ipsa</span> 
     </span>
     <span class='ocr_line' id='line_1_30' title="bbox 174 2054 1420 2105; baseline -0.004 0"><span class='ocrx_word' id='word_1_187' title='bbox 174 2058 284 2105; x_wconf 90' lang='lat' dir='ltr'>Huc</span> <span class='ocrx_word' id='word_1_188' title='bbox 310 2059 424 2105; x_wconf 90' lang='lat' dir='ltr'>illuc</span> <span class='ocrx_word' id='word_1_189' title='bbox 450 2058 709 2104; x_wconf 86' lang='lat' dir='ltr'>vinclorum</span> <span class='ocrx_word' id='word_1_190' title='bbox 734 2057 963 2103; x_wconf 86' lang='lat' dir='ltr'>immensa</span> <span class='ocrx_word' id='word_1_191' title='bbox 987 2054 1228 2101; x_wconf 83' lang='lat' dir='ltr'>volu-mina</span> <span class='ocrx_word' id='word_1_192' title='bbox 1250 2063 1420 2100; x_wconf 72' lang='lat' dir='ltr'>versat.</span> 
     </span>
     <span class='ocr_line' id='line_1_31' title="bbox 171 2123 1289 2186; baseline -0.004 -15"><span class='ocrx_word' id='word_1_193' title='bbox 171 2125 296 2171; x_wconf 82' lang='lat' dir='ltr'>Tum</span> <span class='ocrx_word' id='word_1_194' title='bbox 322 2125 475 2171; x_wconf 84' lang='lat' dir='ltr'>senior</span> <span class='ocrx_word' id='word_1_195' title='bbox 501 2125 616 2171; x_wconf 89' lang='lat' dir='ltr'>tales</span> <span class='ocrx_word' id='word_1_196' title='bbox 639 2123 872 2171; x_wconf 85' lang='lat' dir='ltr'>referebat</span> <span class='ocrx_word' id='word_1_197' title='bbox 897 2131 1097 2186; x_wconf 90' lang='lat' dir='ltr'>pectore</span> <span class='ocrx_word' id='word_1_198' title='bbox 1121 2137 1289 2168; x_wconf 83' lang='lat' dir='ltr'>voces:</span> 
     </span>
     <span class='ocr_line' id='line_1_32' title="bbox 174 2189 1491 2253; baseline -0.003 -15"><span class='ocrx_word' id='word_1_199' title='bbox 174 2191 305 2246; x_wconf 86' lang='lat' dir='ltr'>Quid</span> <span class='ocrx_word' id='word_1_200' title='bbox 329 2193 365 2238; x_wconf 93' lang='lat' dir='ltr'>si</span> <span class='ocrx_word' id='word_1_201' title='bbox 390 2192 495 2253; x_wconf 85' lang='lat' dir='ltr'>quis</span> <span class='ocrx_word' id='word_1_202' title='bbox 513 2197 686 2238; x_wconf 89' lang='lat' dir='ltr'>caestus</span> <span class='ocrx_word' id='word_1_203' title='bbox 710 2190 858 2253; x_wconf 87' lang='lat' dir='ltr'>ipsius</span> <span class='ocrx_word' id='word_1_204' title='bbox 883 2198 930 2237; x_wconf 88' lang='lat' dir='ltr'>et</span> <span class='ocrx_word' id='word_1_205' title='bbox 954 2189 1176 2237; x_wconf 87' lang='lat' dir='ltr'>Herculis</span> <span class='ocrx_word' id='word_1_206' title='bbox 1193 2204 1324 2234; x_wconf 84' lang='lat' dir='ltr'>arma</span> <span class='ocrx_word' id='word_1_207' title='bbox 1393 2195 1491 2235; x_wconf 84' lang='lat'>410</span> 
     </span>
     <span class='ocr_line' id='line_1_33' title="bbox 174 2255 1469 2320; baseline -0.002 -16"><span class='ocrx_word' id='word_1_208' title='bbox 174 2257 398 2314; x_wconf 86' lang='lat' dir='ltr'>Vidisset,</span> <span class='ocrx_word' id='word_1_209' title='bbox 426 2257 703 2320; x_wconf 88' lang='lat' dir='ltr'>tristemque</span> <span class='ocrx_word' id='word_1_210' title='bbox 730 2258 824 2304; x_wconf 89' lang='lat' dir='ltr'>hoc</span> <span class='ocrx_word' id='word_1_211' title='bbox 849 2258 955 2320; x_wconf 91' lang='lat' dir='ltr'>ipso</span> <span class='ocrx_word' id='word_1_212' title='bbox 978 2256 1025 2302; x_wconf 91' lang='lat' dir='ltr'>in</span> <span class='ocrx_word' id='word_1_213' title='bbox 1049 2255 1207 2303; x_wconf 88' lang='lat' dir='ltr'>littore</span> <span class='ocrx_word' id='word_1_214' title='bbox 1230 2255 1469 2316; x_wconf 63' lang='lat' dir='ltr'>pugnam?</span> 
     </span>
     <span class='ocr_line' id='line_1_34' title="bbox 174 2321 1489 2387; baseline -0.002 -15"><span class='ocrx_word' id='word_1_215' title='bbox 174 2325 293 2372; x_wconf 83' lang='lat' dir='ltr'>Haec</span> <span class='ocrx_word' id='word_1_216' title='bbox 308 2339 558 2386; x_wconf 89' lang='lat' dir='ltr'>germanus</span> <span class='ocrx_word' id='word_1_217' title='bbox 579 2325 705 2386; x_wconf 85' lang='lat' dir='ltr'>Eryx</span> <span class='ocrx_word' id='word_1_218' title='bbox 731 2324 974 2387; x_wconf 88' lang='lat' dir='ltr'>quondam</span> <span class='ocrx_word' id='word_1_219' title='bbox 996 2332 1104 2370; x_wconf 90' lang='lat' dir='ltr'>tuus</span> <span class='ocrx_word' id='word_1_220' title='bbox 1129 2338 1258 2369; x_wconf 87' lang='lat' dir='ltr'>arma</span> <span class='ocrx_word' id='word_1_221' title='bbox 1281 2321 1489 2385; x_wconf 88' lang='lat' dir='ltr'>gerebat.</span> 
     </span>
     <span class='ocr_line' id='line_1_35' title="bbox 176 2388 1490 2455; baseline -0.004 -16"><span class='ocrx_word' id='word_1_222' title='bbox 176 2391 414 2453; x_wconf 77' lang='lat' dir='ltr'>Sanguine</span> <span class='ocrx_word' id='word_1_223' title='bbox 438 2390 588 2438; x_wconf 88' lang='lat' dir='ltr'>cernis</span> <span class='ocrx_word' id='word_1_224' title='bbox 613 2389 775 2439; x_wconf 85' lang='lat' dir='ltr'>adhuc</span> <span class='ocrx_word' id='word_1_225' title='bbox 791 2407 1050 2455; x_wconf 82' lang='lat' dir='ltr'>sparsoque</span> <span class='ocrx_word' id='word_1_226' title='bbox 1072 2389 1250 2436; x_wconf 88' lang='lat' dir='ltr'>infecta</span> <span class='ocrx_word' id='word_1_227' title='bbox 1275 2388 1490 2435; x_wconf 78' lang='lat' dir='ltr'>cerebro.</span> 
     </span>
     <span class='ocr_line' id='line_1_36' title="bbox 178 2456 1491 2521; baseline -0.005 -15"><span class='ocrx_word' id='word_1_228' title='bbox 178 2459 261 2506; x_wconf 78' lang='lat' dir='ltr'>His</span> <span class='ocrx_word' id='word_1_229' title='bbox 279 2474 504 2521; x_wconf 86' lang='lat' dir='ltr'>magnum</span> <span class='ocrx_word' id='word_1_230' title='bbox 516 2457 713 2506; x_wconf 89' lang='lat' dir='ltr'>Alciden</span> <span class='ocrx_word' id='word_1_231' title='bbox 733 2467 897 2507; x_wconf 86' lang='lat' dir='ltr'>contra</span> <span class='ocrx_word' id='word_1_232' title='bbox 915 2456 1073 2506; x_wconf 87' lang='lat' dir='ltr'>stetit:</span> <span class='ocrx_word' id='word_1_233' title='bbox 1099 2456 1172 2504; x_wconf 93' lang='lat' dir='ltr'>his</span> <span class='ocrx_word' id='word_1_234' title='bbox 1198 2472 1288 2520; x_wconf 85' lang='lat' dir='ltr'>ego</span> <span class='ocrx_word' id='word_1_235' title='bbox 1313 2463 1491 2512; x_wconf 85' lang='lat' dir='ltr'>suetus,</span> 
     </span>
    </p>
   </div>
  </div>
 </body>
</html>
