1586 2704
550 96 808 131 AEnmnos
846 97 958 131 mn.
998 99 1050 131 x.
1345 88 1428 129 321

141 209 379 267 Caeculus,
402 217 446 256 et
472 210 653 256 veniens
678 211 942 256 Marsorum
971 208 1209 254 montibus
1242 206 1441 253 Umbro.

141 274 438 322 Dardanides
459 275 626 322 contra
646 275 773 321 furit.
833 275 1035 321 Anxuris
1056 291 1163 320 ense
1189 273 1440 329 sinistram,

137 340 199 387 Et
224 350 370 386 totum
395 341 550 404 clypei
576 341 696 387 ferro
721 340 958 400 dejecerat
980 340 1160 385 orbem.

138 406 336 453 Dixerat
364 406 438 452 ille
464 407 640 468 aliquid
666 423 905 466 magnum,
931 405 1119 467 vimque
1139 405 1280 451 affore
1298 406 1440 452 verbo

139 471 669 532 Crediderat.coeloque
695 473 900 517 animum
928 470 1124 516 fortasse
1151 469 1351 528 ferebat,

139 537 469 599 Canitiemque
495 538 583 585 sibi
608 547 652 584 et
679 539 842 597 longos
869 537 1146 599 promiserat
1172 551 1334 582 anuos.

199 602 459 662 Tarquitus
475 605 694 650 exultans
707 604 867 649 contra
882 602 1168 662 fulgentibus
1184 602 1443 658 armis‚550

136 667 373 715 Silvicolae
401 670 564 715 Fauno
589 670 784 731 Dryope
811 686 948 729 quem
975 669 1196 730 Nympha
1225 666 1426 724 crearat,

134 733 321 780 Obvius
345 736 528 780 ardenti
553 752 649 781 sese
672 735 871 781 obtulit:
907 735 982 780 ille
1009 735 1204 780 reducta

133 798 350 846 Loricam
376 801 628 863 clypeique
655 802 813 862 ingens
839 817 957 846 onus
985 801 1181 862 impedit
1211 797 1359 845 hasta.

139 864 261 910 Tum
286 877 432 928 caput
456 870 636 913 orantis
657 869 989 928 nequicquam,
1008 876 1055 912 et
1073 866 1213 911 multa
1233 864 1438 926 parantis

134 930 326 988 Dicere,
350 933 576 979 deturbat
600 943 758 987 terra=;
789 944 1101 992 truncumque
1119 941 1359 993 tepentem

138 995 447 1055 ProvolvenS,
472 1015 612 1060 super
639 999 740 1044 haec
767 999 958 1044 inimico
987 1008 1179 1059 pectore
1203 998 1354 1043 fatur:

133 1062 250 1108 Istic
276 1080 418 1120 nunc,
445 1065 711 1119 metuende,
730 1064 875 1124 jace:
915 1080 1006 1109 non
1035 1074 1078 1108 ie
1095 1063 1274 1126 optima
1294 1072 1438 1109 mater

132 1127 319 1175 condet
339 1130 483 1185 humi,
507 1130 948 1191 pati-ioveonerabit
966 1129 1173 1175 membra
1193 1130 1434 1190 sepulcrm

134 1193 340 1241 Alitibus
366 1196 578 1258 linquere
604 1196 730 1252 feris,
757 1206 835 1242 aut
863 1196 1043 1255 gurgite
1071 1212 1268 1240 mersum
1342 1201 1436 1251 559

136 1259 277 1307 Unda
301 1261 437 1317 feret,
463 1262 710 1325 piscesque
730 1263 918 1323 impasti
942 1264 1130 1307 vulnera
1147 1262 1371 1307 lambent.

202 1327 431 1374 protenus
478 1331 700 1375 Antaeum
740 1338 789 1375 et
823 1329 1020 1385 Lucam,
1058 1328 1213 1390 prima
1251 1327 1435 1387 agmina

258 1393 411 1440 Turni
1201 1396 1434 1456 [merit-m,

129 1459 458 1521 Persequitur:
496 1460 763 1522 fortemque
789 1461 1013 1515 Numam,
1038 1459 1313 1521 fulvumque
1341 1460 1432 1506 Ca·

131 1527 438 1586 Magnanimo
460 1528 712 1572 Volscente
737 1538 908 1580 satum,
929 1526 1185 1571 ditissimus
1205 1526 1301 1586 agri

130 1593 226 1645 Qui
254 1591 339 1638 fuit
365 1594 676 1647 Ausonidum,
701 1602 743 1638 ct
767 1592 920 1638 tacitis
945 1592 1158 1651 regnavit
1183 1591 1411 1654 Amyclis.

130 1657 322 1720 AEgaeon
343 1658 513 1719 qualis,
537 1668 722 1704 centum
751 1659 825 1703 cui
853 1658 1045 1703 brachia
1069 1658 1235 1704 dicunt

129 1724 461 1784 Centenasque
500 1741 681 1779 manus,
709 1723 1051 1785 quinquaginta
1087 1725 1411 1786 oribnsignem

128 1789 500 1851 pectoribusque
518 1791 703 1847 arsisse,
726 1791 852 1836 Jovis
877 1789 986 1836 cum
1015 1789 1205 1836 fulmina
1232 1791 1398 1838 contra

125 1854 218 1902 Tot
246 1857 435 1916 paribus
461 1865 686 1918 streperet
705 1857 902 1917 clypeis,
926 1865 993 1900 tot
1012 1858 1252 1916 stringeret
1278 1875 1428 1904 enses.

134 1921 211 1968 Sic
239 1930 340 1967 toto
366 1923 533 1968 AEneas
557 1924 746 1968 ‹tesaevit
780 1925 823 1967 in
851 1938 1040 1982 aequore
1069 1921 1235 1979 victor,

130 1988 195 2034 Ut
219 1988 362 2034 semel
388 1988 588 2049 intepuit
624 2004 803 2033 mucro.
831 1989 956 2041 Quin
984 2004 1096 2032 ecce
1122 1989 1311 2048 Niphaei
1335 1995 1429 2042 570

129 2053 448 2116 Quadrijuges
473 2055 516 2099 in
544 2070 693 2116 equos
718 2057 1006 2115 adversaque
1027 2064 1217 2113 pectora
1244 2056 1392 2101 tendit
1415 2073 1426 2109 ;
1469 2059 1472 2061 ’

130 2121 289 2181 Atque
314 2121 377 2165 illi
404 2120 541 2182 longe
569 2120 854 2182 gradientem
887 2130 934 2165 et.
959 2120 1058 2164 dira
1086 2121 1361 2168 frementem

129 2184 194 2231 Ut
219 2186 391 2241 videre,
419 2197 544 2232 metu
574 2186 707 2241 versi,
725 2195 943 2247 retroque
961 2197 1165 2242 ruentes,

129 2251 490 2314 Effunduntque
517 2254 703 2307 (lucem,
739 2255 1022 2313 rapiuntque
1049 2254 1106 2297 ad
1136 2253 1294 2300 littora
1320 2271 1427 2300 cur-

194 2317 374 2364 Interea
404 2319 574 2380 bijugis
595 2318 733 2364 insert
758 2334 805 2363 se
825 2319 1040 2377 Lucagus
1067 2320 1185 2366 albis
1328 2321 1426 2381 [rus

128 2382 181 2428 In
208 2383 407 2441 medios,
429 2388 666 2446 fraterque
693 2385 855 2446 Liger;
894 2385 974 2431 sed
1003 2384 1144 2431 frater
1170 2386 1361 2434 habenis

129 2449 299 2495 Flectit
318 2465 483 2512 equos,
499 2453 712 2499 strictum
737 2458 857 2498 rotat
880 2466 990 2497 acer
1016 2452 1229 2513 Lucagus
1250 2468 1424 2501 ensem.
