1635 2685
528 111 827 147 nucoch.
870 110 988 144 ECL.
1026 109 1087 148 ιι,
1416 112 1449 157 9

147 225 248 273 Nec
274 235 318 272 te
342 226 568 287 poeniteat
589 227 772 273 calamo
797 227 984 274 trivisse
1009 226 1252 273 labellum.
1319 228 1449 289 [tas'l

148 294 268 338 Haec
300 291 462 337 eadem
492 301 543 338 ut
578 294 736 348 sciret,
763 293 876 353 quid
906 309 999 338 non
1026 293 1240 339 faciebat
1266 294 1448 355 Amyn·

147 359 226 403 Est
251 357 362 402 mihi
387 356 654 419 disparibus
678 369 857 420 septem
885 367 1142 420 compacta
1167 360 1338 405 cicutis

144 423 335 477 Fistula,
363 424 601 470 Damoetas
626 426 753 470 dono
778 425 889 470 mihi
919 441 1057 486 quam
1085 425 1223 470 dedit
1244 426 1394 472 olim:

143 490 199 534 Et
225 489 348 535 dixit
375 491 604 545 moriens;
639 491 712 537 Te
739 507 867 537 nunc
891 491 1036 538 habet
1060 491 1148 536 ista
1166 494 1448 539 secundum.

143 555 276 600 Dixit
301 557 575 602 Damoelas:
616 557 785 603 invidit
803 557 974 602 stultus
1001 560 1248 618 Amyntas.

143 620 377 668 Praeterea
397 622 510 678 duO,
539 639 623 669 nec
651 624 751 669 tuta
780 624 891 668 mihi
921 623 1037 669 valle
1058 624 1250 684 reperii,
1386 631 1451 670 40

143 687 553 749 Capre‹›li‚spar'sis
572 690 710 736 eliam
743 705 865 735 nunc
889 690 1096 749 pellibus
1119 689 1248 746 albu,

144 753 258 799 Bina
286 755 361 800 die
380 757 556 801 siccant
585 757 683 801 ovis
710 755 854 802 ubera
878 772 889 809 ;
918 771 1037 816 quos
1067 755 1152 802 tibi
1180 771 1328 800 servo.

141 819 431 881 Jampridem
460 838 485 866 a
511 839 585 868 me
609 822 710 868 illos
730 823 968 867 abducere
991 822 1241 883 Thestylis
1266 831 1401 867 orat:

142 886 203 931 Et
227 885 399 939 facien
437 888 656 951 quoniam
681 889 873 934 sordent
898 887 983 932 tibi
1010 904 1200 933 munera
1226 896 1406 933 nostra.

144 953 252 998 Huc
280 954 410 1009 ades,
437 972 466 1001 o
493 955 697 1001 formose
725 971 868 1016 puer:
906 954 991 1000 tibi
1017 954 1110 999 lilia
1136 955 1284 1015 plenis

142 1018 270 1064 Ecce
290 1019 447 1068 serunt
471 1022 709 1083 Nymphae
731 1021 958 1067 calathis:
990 1021 1297 1066 tibicandida
1313 1019 1451 1077 Nais,

144 1084 378 1133 Pallentes
402 1088 548 1134 violas
572 1098 620 1134 et
646 1104 826 1133 summa
851 1103 1091 1150 papavera
1115 1102 1338 1148 carpens,

143 1151 418 1199 Narcissum
444 1163 491 1201 et
516 1153 678 1200 florem
700 1154 860 1215 jungit
886 1154 1002 1198 bene
1021 1153 1191 1198 olentis
1215 1153 1405 1198 anethi:

143 1217 265 1263 Tum
293 1219 441 1277 casia,
467 1229 610 1282 atque
630 1219 730 1267 aliis
757 1221 969 1266 intexens
995 1219 1221 1264 suavibus
1253 1220 1430 1275 herbis,

144 1284 312 1330 Mollia
339 1285 517 1333 luteola
544 1287 698 1350 pingit
724 1286 939 1332 vaccinia
966 1286 1144 1341 caltha,
1392 1292 1454 1332 50

146 1349 259 1411 Ipse
280 1368 369 1413 ego
395 1369 513 1399 cana
535 1353 686 1414 legam
716 1353 880 1399 tenera
907 1351 1124 1414 lanugine
1149 1352 1289 1407 mala,

146 1418 499 1479 Castaneasque
520 1435 684 1473 nuces,
713 1435 814 1464 mea
833 1434 948 1477 quas
967 1417 1223 1478 Amaryllis
1243 1417 1451 1463 amabat.

146 1482 336 1529 Addam
380 1500 514 1530 cerea
556 1500 734 1547 pruna:
776 1481 929 1526 honos
1002 1482 1090 1529 erit
1128 1484 1234 1529 huic
1260 1499 1453 1545 quoque

274 1565 447 1610 pomo:

144 1616 204 1662 Et
223 1631 321 1671 vos,
347 1632 376 1661 o
396 1615 530 1673 lauri,
548 1632 760 1677 carpam,
787 1623 835 1663 et
861 1624 922 1671 te,
949 1614 1163 1677 proxima
1191 1624 1345 1676 myrte
1370 1631 1381 1661 :

143 1682 220 1728 Sic
246 1683 418 1744 positae
436 1683 657 1744 quoniam
689 1699 851 1729 suaves
879 1682 1083 1729 miscetis
1103 1683 1296 1727 odores.

145 1748 370 1794 Rusticus
390 1765 457 1804 es,
484 1748 707 1811 Corydon
734 1766 744 1803 ;
772 1765 857 1795 nec
884 1764 1078 1794 munera
1098 1757 1231 1794 curat
1259 1748 1452 1796 Alexis:

144 1815 266 1870 Nec,
289 1815 328 1861 si
354 1815 628 1862 muneribus
646 1824 817 1871 certes,
845 1814 1082 1862 concedat
1100 1815 1260 1861 Iollas.

144 1881 266 1935 Heu,
286 1882 394 1938 lieu,
408 1881 523 1943 quid
543 1882 671 1928 volui
684 1883 851 1928 misero
868 1881 1002 1927 mihi!
1019 1880 1214 1928 floribus
1230 1884 1455 1928 Austrum

146 1947 383 2003 Perditus,
408 1956 457 1995 et
481 1948 670 2010 liquidis
696 1949 867 1994 immisi
892 1947 1105 1994 fontibus
1134 1964 1291 2009 apros.

146 2015 299 2068 Quem
340 2013 478 2076 fugis,
519 2015 578 2061 ah
619 2014 846 2061 demens?
883 2013 1159 2061 habitarunt
1185 2015 1234 2060 di
1262 2031 1455 2076 quoque

274 2080 430 2136 silvas,
1391 2080 1456 2128 60

146 2144 514 2209 Dardaniusque
541 2147 689 2193 Paris.
725 2147 894 2205 Pallas,
922 2163 1038 2210 quas
1066 2145 1298 2201 condidit,
1324 2163 1455 2193 arces

148 2211 254 2272 Ipsa
277 2213 429 2259 colat:
468 2214 603 2259 nobis
629 2214 847 2274 placeant
875 2223 982 2260 ante
1011 2214 1169 2259 omnia
1196 2214 1342 2260 silvae.

145 2277 303 2324 Torva
331 2278 476 2325 leaena
503 2280 666 2341 lupum
694 2281 937 2342 sequitur;
965 2281 1101 2342 lupus
1126 2281 1229 2342 ipse
1297 2280 1455 2341 capel-

149 2344 410 2391 Florentem
430 2346 633 2408 cytisum
652 2348 868 2410 sequitur
883 2346 1055 2392 lasciva
1072 2347 1288 2409 capella:
1311 2347 1450 2407 [laniz

146 2408 234 2466 Te,
259 2411 503 2473 Corydon,
528 2428 556 2459 o
583 2413 751 2461 Alexi:
792 2412 938 2459 trahit
974 2429 1058 2458 sua
1094 2429 1333 2475 quemque
1372 2429 1454 2458 vo-

279 2475 452 2538 luptas.

151 2540 354 2604 Aspice,
373 2553 525 2591 aratra
546 2545 666 2608 jugo
692 2544 902 2593 referunt
925 2561 1156 2608 suspensa
1176 2544 1386 2606 juvenci,
