<?xml version="1.0" encoding="UTF-8"?>
<!DOCTYPE html PUBLIC "-//W3C//DTD XHTML 1.0 Transitional//EN"
    "http://www.w3.org/TR/xhtml1/DTD/xhtml1-transitional.dtd">
<html xmlns="http://www.w3.org/1999/xhtml" xml:lang="en" lang="en">
 <head>
  <title>
</title>
<meta http-equiv="Content-Type" content="text/html;charset=utf-8" />
  <meta name='ocr-system' content='tesseract 3.04.00' />
  <meta name='ocr-capabilities' content='ocr_page ocr_carea ocr_par ocr_line ocrx_word'/>
</head>
<body>
  <div class='ocr_page' id='page_1' title='image "./operaadfidemopti00virguoft/operaadfidemopti00virguoft_0376.png"; bbox 0 0 1586 2704; ppageno 0'>
   <div class='ocr_carea' id='block_1_1' title="bbox 148 104 1110 150">
    <p class='ocr_par' dir='ltr' id='par_1_1' title="bbox 148 104 1110 150">
     <span class='ocr_line' id='line_1_1' title="bbox 148 104 1110 150; baseline 0.003 -3"><span class='ocrx_word' id='word_1_1' title='bbox 148 104 234 147; x_wconf 79' lang='lat'>372</span> <span class='ocrx_word' id='word_1_2' title='bbox 490 117 538 150; x_wconf 82' lang='lat' dir='ltr'>P.</span> <span class='ocrx_word' id='word_1_3' title='bbox 567 115 810 150; x_wconf 78' lang='lat' dir='ltr'>VIRGILII</span> <span class='ocrx_word' id='word_1_4' title='bbox 852 116 1110 150; x_wconf 74' lang='lat' dir='ltr'>MAssoms</span> 
     </span>
    </p>
   </div>
   <div class='ocr_carea' id='block_1_2' title="bbox 133 231 1448 2635">
    <p class='ocr_par' dir='ltr' id='par_1_2' title="bbox 133 231 1448 2635">
     <span class='ocr_line' id='line_1_2' title="bbox 142 231 1350 295; baseline 0.004 -16"><span class='ocrx_word' id='word_1_5' title='bbox 142 231 354 289; x_wconf 85' lang='lat' dir='ltr'><strong>Excidit,</strong></span> <span class='ocrx_word' id='word_1_6' title='bbox 383 239 530 294; x_wconf 85' lang='lat' dir='ltr'>atque</span> <span class='ocrx_word' id='word_1_7' title='bbox 556 249 693 280; x_wconf 90' lang='lat' dir='ltr'>novae</span> <span class='ocrx_word' id='word_1_8' title='bbox 718 233 892 281; x_wconf 74' lang='lat' dir='ltr'>rediere</span> <span class='ocrx_word' id='word_1_9' title='bbox 916 235 964 280; x_wconf 88' lang='lat' dir='ltr'>in</span> <span class='ocrx_word' id='word_1_10' title='bbox 992 234 1192 295; x_wconf 86' lang='lat' dir='ltr'>pristina</span> <span class='ocrx_word' id='word_1_11' title='bbox 1218 234 1350 284; x_wconf 66' lang='grc' dir='ltr'>υἷι-ες.</span> 
     </span>
     <span class='ocr_line' id='line_1_3' title="bbox 143 299 1342 364; baseline 0.002 -17"><span class='ocrx_word' id='word_1_12' title='bbox 143 303 289 347; x_wconf 83' lang='lat' dir='ltr'>Arma</span> <span class='ocrx_word' id='word_1_13' title='bbox 314 299 398 345; x_wconf 87' lang='lat' dir='ltr'>citi</span> <span class='ocrx_word' id='word_1_14' title='bbox 422 309 676 363; x_wconf 81' lang='lat' dir='ltr'>properate</span> <span class='ocrx_word' id='word_1_15' title='bbox 703 301 827 346; x_wconf 86' lang='lat' dir='ltr'>viro!</span> <span class='ocrx_word' id='word_1_16' title='bbox 871 301 985 364; x_wconf 91' lang='lat' dir='ltr'>quid</span> <span class='ocrx_word' id='word_1_17' title='bbox 1013 302 1176 348; x_wconf 70' lang='lat' dir='ltr'>statis?</span> <span class='ocrx_word' id='word_1_18' title='bbox 1217 303 1342 364; x_wconf 68' lang='lat' dir='ltr'>{apis</span> 
     </span>
     <span class='ocr_line' id='line_1_4' title="bbox 144 366 1447 429; baseline 0.004 -17"><span class='ocrx_word' id='word_1_19' title='bbox 144 366 443 422; x_wconf 75' lang='lat' dir='ltr'>Conclamat,</span> <span class='ocrx_word' id='word_1_20' title='bbox 471 367 745 429; x_wconf 84' lang='lat' dir='ltr'>primusque</span> <span class='ocrx_word' id='word_1_21' title='bbox 769 367 948 413; x_wconf 79' lang='lat' dir='ltr'>animos</span> <span class='ocrx_word' id='word_1_22' title='bbox 969 369 1186 414; x_wconf 79' lang='lat' dir='ltr'>accendit</span> <span class='ocrx_word' id='word_1_23' title='bbox 1204 369 1248 414; x_wconf 87' lang='lat' dir='ltr'>in</span> <span class='ocrx_word' id='word_1_24' title='bbox 1273 370 1447 417; x_wconf 86' lang='lat' dir='ltr'>hostes.</span> 
     </span>
     <span class='ocr_line' id='line_1_5' title="bbox 144 433 1328 496; baseline 0.003 -18"><span class='ocrx_word' id='word_1_25' title='bbox 144 433 256 478; x_wconf 85' lang='lat' dir='ltr'>Non</span> <span class='ocrx_word' id='word_1_26' title='bbox 283 433 385 478; x_wconf 81' lang='lat' dir='ltr'>haec</span> <span class='ocrx_word' id='word_1_27' title='bbox 413 433 629 479; x_wconf 89' lang='lat' dir='ltr'>humanis</span> <span class='ocrx_word' id='word_1_28' title='bbox 656 433 845 494; x_wconf 87' lang='lat' dir='ltr'>opibus,</span> <span class='ocrx_word' id='word_1_29' title='bbox 871 450 964 479; x_wconf 91' lang='lat' dir='ltr'>nou</span> <span class='ocrx_word' id='word_1_30' title='bbox 988 444 1084 481; x_wconf 86' lang='lat' dir='ltr'>arte</span> <span class='ocrx_word' id='word_1_31' title='bbox 1109 436 1328 496; x_wconf 58' lang='lat' dir='ltr'>magistra</span> 
     </span>
     <span class='ocr_line' id='line_1_6' title="bbox 143 498 1445 561; baseline 0.003 -16"><span class='ocrx_word' id='word_1_32' title='bbox 143 498 456 554; x_wconf 73' lang='lat' dir='ltr'>Proveuiunt3</span> <span class='ocrx_word' id='word_1_33' title='bbox 485 516 637 561; x_wconf 86' lang='lat' dir='ltr'>neque</span> <span class='ocrx_word' id='word_1_34' title='bbox 658 509 719 556; x_wconf 86' lang='lat' dir='ltr'>te,</span> <span class='ocrx_word' id='word_1_35' title='bbox 747 500 910 553; x_wconf 77' lang='lat' dir='ltr'>AEnea‚</span> <span class='ocrx_word' id='word_1_36' title='bbox 937 516 1042 546; x_wconf 86' lang='lat' dir='ltr'>mea</span> <span class='ocrx_word' id='word_1_37' title='bbox 1061 500 1445 549; x_wconf 78' lang='lat' dir='ltr'>dexteraservat:</span> 
     </span>
     <span class='ocr_line' id='line_1_7' title="bbox 145 563 1446 628; baseline 0.003 -18"><span class='ocrx_word' id='word_1_38' title='bbox 145 563 306 624; x_wconf 84' lang='lat' dir='ltr'>Major</span> <span class='ocrx_word' id='word_1_39' title='bbox 328 567 425 625; x_wconf 74' lang='lat' dir='ltr'>agit</span> <span class='ocrx_word' id='word_1_40' title='bbox 451 569 599 621; x_wconf 84' lang='lat' dir='ltr'>Deus,</span> <span class='ocrx_word' id='word_1_41' title='bbox 625 575 767 627; x_wconf 91' lang='lat' dir='ltr'>atque</span> <span class='ocrx_word' id='word_1_42' title='bbox 787 582 931 628; x_wconf 85' lang='lat' dir='ltr'>opera</span> <span class='ocrx_word' id='word_1_43' title='bbox 950 565 1011 612; x_wconf 82' lang='lat' dir='ltr'>ad</span> <span class='ocrx_word' id='word_1_44' title='bbox 1032 567 1215 627; x_wconf 77' lang='lat' dir='ltr'>majora</span> <span class='ocrx_word' id='word_1_45' title='bbox 1235 568 1446 614; x_wconf 84' lang='lat' dir='ltr'>remittit.</span> 
     </span>
     <span class='ocr_line' id='line_1_8' title="bbox 209 631 1448 693; baseline 0.006 -17"><span class='ocrx_word' id='word_1_46' title='bbox 209 631 293 676; x_wconf 84' lang='lat' dir='ltr'>Ille</span> <span class='ocrx_word' id='word_1_47' title='bbox 313 633 480 678; x_wconf 87' lang='lat' dir='ltr'>avidus</span> <span class='ocrx_word' id='word_1_48' title='bbox 506 648 679 693; x_wconf 79' lang='lat' dir='ltr'>pugnae</span> <span class='ocrx_word' id='word_1_49' title='bbox 707 649 836 678; x_wconf 82' lang='lat' dir='ltr'>suras</span> <span class='ocrx_word' id='word_1_50' title='bbox 862 633 1118 679; x_wconf 75' lang='lat' dir='ltr'>incluserat</span> <span class='ocrx_word' id='word_1_51' title='bbox 1142 650 1258 680; x_wconf 86' lang='lat' dir='ltr'>auro</span> <span class='ocrx_word' id='word_1_52' title='bbox 1351 641 1448 683; x_wconf 88' lang='grc'>430</span> 
     </span>
     <span class='ocr_line' id='line_1_9' title="bbox 144 698 1448 762; baseline 0.001 -16"><span class='ocrx_word' id='word_1_53' title='bbox 144 699 271 746; x_wconf 88' lang='lat' dir='ltr'>Hinc</span> <span class='ocrx_word' id='word_1_54' title='bbox 298 707 442 760; x_wconf 88' lang='lat' dir='ltr'>atque</span> <span class='ocrx_word' id='word_1_55' title='bbox 463 699 589 756; x_wconf 90' lang='lat' dir='ltr'>hinc,</span> <span class='ocrx_word' id='word_1_56' title='bbox 621 698 821 761; x_wconf 89' lang='lat' dir='ltr'>oditque</span> <span class='ocrx_word' id='word_1_57' title='bbox 858 715 1029 757; x_wconf 86' lang='lat' dir='ltr'>moras,</span> <span class='ocrx_word' id='word_1_58' title='bbox 1059 703 1336 762; x_wconf 76' lang='lat' dir='ltr'>hastamque</span> <span class='ocrx_word' id='word_1_59' title='bbox 1364 717 1448 747; x_wconf 89' lang='lat' dir='ltr'>co·</span> 
     </span>
     <span class='ocr_line' id='line_1_10' title="bbox 281 774 455 812; baseline -0.006 0"><span class='ocrx_word' id='word_1_60' title='bbox 281 774 455 812; x_wconf 77' lang='lat' dir='ltr'>ruscat.</span> 
     </span>
     <span class='ocr_line' id='line_1_11' title="bbox 143 831 1446 896; baseline 0.001 -17"><span class='ocrx_word' id='word_1_61' title='bbox 143 833 400 896; x_wconf 83' lang='lat' dir='ltr'>Postquam</span> <span class='ocrx_word' id='word_1_62' title='bbox 413 831 583 878; x_wconf 88' lang='lat' dir='ltr'>habilis</span> <span class='ocrx_word' id='word_1_63' title='bbox 597 832 731 878; x_wconf 83' lang='lat' dir='ltr'>lateri</span> <span class='ocrx_word' id='word_1_64' title='bbox 744 832 939 895; x_wconf 72' lang='lat' dir='ltr'>clypeus</span> <span class='ocrx_word' id='word_1_65' title='bbox 951 832 1193 895; x_wconf 84' lang='lat' dir='ltr'>loricaque</span> <span class='ocrx_word' id='word_1_66' title='bbox 1207 844 1340 894; x_wconf 81' lang='lat' dir='ltr'>tergo</span> <span class='ocrx_word' id='word_1_67' title='bbox 1357 842 1446 891; x_wconf 88' lang='lat' dir='ltr'>est,</span> 
     </span>
     <span class='ocr_line' id='line_1_12' title="bbox 143 898 1292 961; baseline -0.003 -14"><span class='ocrx_word' id='word_1_68' title='bbox 143 899 410 947; x_wconf 85' lang='lat' dir='ltr'>Ascanium</span> <span class='ocrx_word' id='word_1_69' title='bbox 434 898 550 944; x_wconf 88' lang='lat' dir='ltr'>fusis</span> <span class='ocrx_word' id='word_1_70' title='bbox 570 899 741 946; x_wconf 74' lang='lat' dir='ltr'>circum</span> <span class='ocrx_word' id='word_1_71' title='bbox 769 900 1111 961; x_wconf 72' lang='lat' dir='ltr'>complectitur</span> <span class='ocrx_word' id='word_1_72' title='bbox 1135 900 1292 954; x_wconf 83' lang='lat' dir='ltr'>armis,</span> 
     </span>
     <span class='ocr_line' id='line_1_13' title="bbox 143 962 1375 1027; baseline -0.002 -14"><span class='ocrx_word' id='word_1_73' title='bbox 143 969 435 1027; x_wconf 84' lang='lat' dir='ltr'>Summaque</span> <span class='ocrx_word' id='word_1_74' title='bbox 462 981 546 1027; x_wconf 85' lang='lat' dir='ltr'>per</span> <span class='ocrx_word' id='word_1_75' title='bbox 571 966 753 1026; x_wconf 76' lang='lat' dir='ltr'>galeam</span> <span class='ocrx_word' id='word_1_76' title='bbox 779 965 997 1013; x_wconf 87' lang='lat' dir='ltr'>delibans</span> <span class='ocrx_word' id='word_1_77' title='bbox 1023 965 1186 1012; x_wconf 84' lang='lat' dir='ltr'>oscula</span> <span class='ocrx_word' id='word_1_78' title='bbox 1213 962 1375 1010; x_wconf 79' lang='lat' dir='ltr'>fatur:</span> 
     </span>
     <span class='ocr_line' id='line_1_14' title="bbox 144 1032 1413 1094; baseline 0.002 -16"><span class='ocrx_word' id='word_1_79' title='bbox 144 1033 308 1089; x_wconf 81' lang='lat' dir='ltr'>Disce,</span> <span class='ocrx_word' id='word_1_80' title='bbox 332 1048 466 1094; x_wconf 87' lang='lat' dir='ltr'>puer,</span> <span class='ocrx_word' id='word_1_81' title='bbox 489 1032 708 1079; x_wconf 83' lang='lat' dir='ltr'>virtutem</span> <span class='ocrx_word' id='word_1_82' title='bbox 730 1050 787 1079; x_wconf 81' lang='lat' dir='ltr'>ex</span> <span class='ocrx_word' id='word_1_83' title='bbox 809 1050 898 1088; x_wconf 89' lang='lat' dir='ltr'>me,</span> <span class='ocrx_word' id='word_1_84' title='bbox 921 1050 1183 1094; x_wconf 81' lang='lat' dir='ltr'>verumque</span> <span class='ocrx_word' id='word_1_85' title='bbox 1204 1034 1413 1081; x_wconf 86' lang='lat' dir='ltr'>laborem</span> 
     </span>
     <span class='ocr_line' id='line_1_15' title="bbox 142 1099 1414 1148; baseline 0.001 -2"><span class='ocrx_word' id='word_1_86' title='bbox 142 1100 398 1146; x_wconf 81' lang='lat' dir='ltr'>Fortunam</span> <span class='ocrx_word' id='word_1_87' title='bbox 425 1114 482 1143; x_wconf 86' lang='lat' dir='ltr'>ex</span> <span class='ocrx_word' id='word_1_88' title='bbox 507 1099 626 1146; x_wconf 89' lang='lat' dir='ltr'>aliis.</span> <span class='ocrx_word' id='word_1_89' title='bbox 697 1100 837 1146; x_wconf 82' lang='lat' dir='ltr'>Nunc</span> <span class='ocrx_word' id='word_1_90' title='bbox 865 1111 910 1146; x_wconf 82' lang='lat' dir='ltr'>te</span> <span class='ocrx_word' id='word_1_91' title='bbox 938 1116 1038 1146; x_wconf 83' lang='lat' dir='ltr'>mea</span> <span class='ocrx_word' id='word_1_92' title='bbox 1063 1100 1258 1146; x_wconf 80' lang='lat' dir='ltr'>dextera</span> <span class='ocrx_word' id='word_1_93' title='bbox 1286 1100 1414 1148; x_wconf 89' lang='lat' dir='ltr'>bello</span> 
     </span>
     <span class='ocr_line' id='line_1_16' title="bbox 141 1165 1397 1227; baseline 0.002 -14"><span class='ocrx_word' id='word_1_94' title='bbox 141 1165 406 1213; x_wconf 83' lang='lat' dir='ltr'>Defensum</span> <span class='ocrx_word' id='word_1_95' title='bbox 431 1165 583 1222; x_wconf 84' lang='lat' dir='ltr'>dabit,</span> <span class='ocrx_word' id='word_1_96' title='bbox 610 1174 658 1213; x_wconf 92' lang='lat' dir='ltr'>et</span> <span class='ocrx_word' id='word_1_97' title='bbox 682 1183 850 1227; x_wconf 79' lang='lat' dir='ltr'>magua</span> <span class='ocrx_word' id='word_1_98' title='bbox 871 1167 991 1211; x_wconf 89' lang='lat' dir='ltr'>iuter</span> <span class='ocrx_word' id='word_1_99' title='bbox 1015 1167 1209 1225; x_wconf 80' lang='lat' dir='ltr'>praemia</span> <span class='ocrx_word' id='word_1_100' title='bbox 1233 1166 1397 1215; x_wconf 88' lang='lat' dir='ltr'>ducet.</span> 
     </span>
     <span class='ocr_line' id='line_1_17' title="bbox 141 1232 1343 1292; baseline 0.002 -14"><span class='ocrx_word' id='word_1_101' title='bbox 141 1232 222 1278; x_wconf 93' lang='lat' dir='ltr'>Tu</span> <span class='ocrx_word' id='word_1_102' title='bbox 247 1232 412 1286; x_wconf 72' lang='lat' dir='ltr'>facim,</span> <span class='ocrx_word' id='word_1_103' title='bbox 441 1249 548 1277; x_wconf 76' lang='lat' dir='ltr'>mox</span> <span class='ocrx_word' id='word_1_104' title='bbox 573 1233 681 1278; x_wconf 75' lang='lat' dir='ltr'>cum</span> <span class='ocrx_word' id='word_1_105' title='bbox 713 1243 893 1280; x_wconf 80' lang='lat' dir='ltr'>matura</span> <span class='ocrx_word' id='word_1_106' title='bbox 919 1233 1184 1280; x_wconf 74' lang='lat' dir='ltr'>adoleverit</span> <span class='ocrx_word' id='word_1_107' title='bbox 1207 1244 1343 1292; x_wconf 84' lang='lat' dir='ltr'>aetas,</span> 
     </span>
     <span class='ocr_line' id='line_1_18' title="bbox 142 1299 1445 1363; baseline 0.002 -18"><span class='ocrx_word' id='word_1_108' title='bbox 142 1299 216 1346; x_wconf 88' lang='lat' dir='ltr'>Sis</span> <span class='ocrx_word' id='word_1_109' title='bbox 237 1315 429 1355; x_wconf 89' lang='lat' dir='ltr'>memor,</span> <span class='ocrx_word' id='word_1_110' title='bbox 455 1307 502 1345; x_wconf 91' lang='lat' dir='ltr'>et</span> <span class='ocrx_word' id='word_1_111' title='bbox 527 1308 573 1345; x_wconf 91' lang='lat' dir='ltr'>te</span> <span class='ocrx_word' id='word_1_112' title='bbox 598 1300 756 1346; x_wconf 90' lang='lat' dir='ltr'>animo</span> <span class='ocrx_word' id='word_1_113' title='bbox 781 1307 1074 1363; x_wconf 85' lang='lat' dir='ltr'>repetentem</span> <span class='ocrx_word' id='word_1_114' title='bbox 1099 1301 1313 1362; x_wconf 80' lang='lat' dir='ltr'>exempla</span> <span class='ocrx_word' id='word_1_115' title='bbox 1339 1310 1445 1348; x_wconf 90' lang='lat' dir='ltr'>tuo·</span> 
     </span>
     <span class='ocr_line' id='line_1_19' title="bbox 271 1383 393 1420; baseline 0 -7"><span class='ocrx_word' id='word_1_116' title='bbox 271 1383 393 1420; x_wconf 85' lang='lat' dir='ltr'>rum,</span> 
     </span>
     <span class='ocr_line' id='line_1_20' title="bbox 139 1431 1448 1495; baseline 0.002 -17"><span class='ocrx_word' id='word_1_117' title='bbox 139 1432 197 1478; x_wconf 82' lang='lat' dir='ltr'>Et</span> <span class='ocrx_word' id='word_1_118' title='bbox 214 1442 348 1495; x_wconf 86' lang='lat' dir='ltr'>pater</span> <span class='ocrx_word' id='word_1_119' title='bbox 371 1434 559 1491; x_wconf 81' lang='lat' dir='ltr'>AEneas,</span> <span class='ocrx_word' id='word_1_120' title='bbox 586 1441 635 1481; x_wconf 90' lang='lat' dir='ltr'>et</span> <span class='ocrx_word' id='word_1_121' title='bbox 653 1431 916 1479; x_wconf 81' lang='lat' dir='ltr'>avunculus</span> <span class='ocrx_word' id='word_1_122' title='bbox 936 1432 1112 1479; x_wconf 84' lang='lat' dir='ltr'>excitet</span> <span class='ocrx_word' id='word_1_123' title='bbox 1128 1434 1326 1480; x_wconf 87' lang='lat' dir='ltr'>Hector.</span> <span class='ocrx_word' id='word_1_124' title='bbox 1352 1441 1448 1482; x_wconf 81' lang='lat'>440</span> 
     </span>
     <span class='ocr_line' id='line_1_21' title="bbox 206 1498 1444 1563; baseline 0 -16"><span class='ocrx_word' id='word_1_125' title='bbox 206 1501 325 1547; x_wconf 87' lang='lat' dir='ltr'>Haec</span> <span class='ocrx_word' id='word_1_126' title='bbox 352 1501 432 1547; x_wconf 91' lang='lat' dir='ltr'>ubi</span> <span class='ocrx_word' id='word_1_127' title='bbox 456 1501 583 1547; x_wconf 89' lang='lat' dir='ltr'>dicta</span> <span class='ocrx_word' id='word_1_128' title='bbox 611 1500 759 1557; x_wconf 89' lang='lat' dir='ltr'>dedit,</span> <span class='ocrx_word' id='word_1_129' title='bbox 787 1498 936 1560; x_wconf 85' lang='lat' dir='ltr'>portis</span> <span class='ocrx_word' id='word_1_130' title='bbox 954 1516 1052 1546; x_wconf 88' lang='lat' dir='ltr'>sese</span> <span class='ocrx_word' id='word_1_131' title='bbox 1072 1500 1243 1547; x_wconf 76' lang='lat' dir='ltr'>extulit</span> <span class='ocrx_word' id='word_1_132' title='bbox 1265 1500 1444 1563; x_wconf 82' lang='lat' dir='ltr'>ingens,</span> 
     </span>
     <span class='ocr_line' id='line_1_22' title="bbox 137 1566 1448 1630; baseline 0.002 -18"><span class='ocrx_word' id='word_1_133' title='bbox 137 1566 311 1614; x_wconf 87' lang='lat' dir='ltr'>Telum</span> <span class='ocrx_word' id='word_1_134' title='bbox 326 1567 528 1614; x_wconf 85' lang='lat' dir='ltr'>immane</span> <span class='ocrx_word' id='word_1_135' title='bbox 539 1583 682 1614; x_wconf 86' lang='lat' dir='ltr'>manu</span> <span class='ocrx_word' id='word_1_136' title='bbox 694 1566 930 1628; x_wconf 84' lang='lat' dir='ltr'>quatiens:</span> <span class='ocrx_word' id='word_1_137' title='bbox 953 1566 1448 1630; x_wconf 74' lang='lat' dir='ltr'>siniulagminedenso</span> 
     </span>
     <span class='ocr_line' id='line_1_23' title="bbox 141 1633 1448 1696; baseline 0.001 -16"><span class='ocrx_word' id='word_1_138' title='bbox 141 1634 458 1696; x_wconf 86' lang='lat' dir='ltr'>Antheusque</span> <span class='ocrx_word' id='word_1_139' title='bbox 469 1633 850 1694; x_wconf 83' lang='lat' dir='ltr'>Mnestheusque</span> <span class='ocrx_word' id='word_1_140' title='bbox 862 1640 1026 1686; x_wconf 90' lang='lat' dir='ltr'>ruunt;</span> <span class='ocrx_word' id='word_1_141' title='bbox 1048 1635 1298 1695; x_wconf 86' lang='lat' dir='ltr'>omnisque</span> <span class='ocrx_word' id='word_1_142' title='bbox 1314 1636 1448 1682; x_wconf 81' lang='lat' dir='ltr'>relic-</span> 
     </span>
     <span class='ocr_line' id='line_1_24' title="bbox 136 1699 1444 1764; baseline 0.002 -20"><span class='ocrx_word' id='word_1_143' title='bbox 136 1700 302 1747; x_wconf 89' lang='lat' dir='ltr'>Turba</span> <span class='ocrx_word' id='word_1_144' title='bbox 319 1699 424 1747; x_wconf 86' lang='lat' dir='ltr'>fluit</span> <span class='ocrx_word' id='word_1_145' title='bbox 442 1700 633 1747; x_wconf 83' lang='lat' dir='ltr'>castris:</span> <span class='ocrx_word' id='word_1_146' title='bbox 661 1707 763 1746; x_wconf 90' lang='lat' dir='ltr'>tum</span> <span class='ocrx_word' id='word_1_147' title='bbox 779 1715 909 1744; x_wconf 88' lang='lat' dir='ltr'>caeco</span> <span class='ocrx_word' id='word_1_148' title='bbox 930 1699 1123 1761; x_wconf 80' lang='lat' dir='ltr'>pulvere</span> <span class='ocrx_word' id='word_1_149' title='bbox 1140 1716 1338 1762; x_wconf 83' lang='lat' dir='ltr'>campus</span> <span class='ocrx_word' id='word_1_150' title='bbox 1363 1702 1444 1764; x_wconf 84' lang='lat' dir='ltr'>[tis</span> 
     </span>
     <span class='ocr_line' id='line_1_25' title="bbox 135 1765 1405 1830; baseline 0.003 -19"><span class='ocrx_word' id='word_1_151' title='bbox 135 1765 389 1825; x_wconf 83' lang='lat' dir='ltr'>Miscetur,</span> <span class='ocrx_word' id='word_1_152' title='bbox 415 1768 654 1830; x_wconf 86' lang='lat' dir='ltr'>pulsuque</span> <span class='ocrx_word' id='word_1_153' title='bbox 675 1767 855 1829; x_wconf 90' lang='lat' dir='ltr'>pedum</span> <span class='ocrx_word' id='word_1_154' title='bbox 881 1765 1043 1813; x_wconf 86' lang='lat' dir='ltr'>tremit</span> <span class='ocrx_word' id='word_1_155' title='bbox 1064 1767 1221 1813; x_wconf 78' lang='lat' dir='ltr'>excita</span> <span class='ocrx_word' id='word_1_156' title='bbox 1243 1767 1405 1815; x_wconf 87' lang='lat' dir='ltr'>tellus.</span> 
     </span>
     <span class='ocr_line' id='line_1_26' title="bbox 136 1831 1279 1896; baseline 0 -19"><span class='ocrx_word' id='word_1_157' title='bbox 136 1831 271 1881; x_wconf 88' lang='lat' dir='ltr'>Vidit</span> <span class='ocrx_word' id='word_1_158' title='bbox 293 1833 353 1881; x_wconf 92' lang='lat' dir='ltr'>ab</span> <span class='ocrx_word' id='word_1_159' title='bbox 377 1834 582 1882; x_wconf 84' lang='lat' dir='ltr'>adverso</span> <span class='ocrx_word' id='word_1_160' title='bbox 608 1833 849 1881; x_wconf 86' lang='lat' dir='ltr'>venientes</span> <span class='ocrx_word' id='word_1_161' title='bbox 873 1849 1046 1896; x_wconf 84' lang='lat' dir='ltr'>aggere</span> <span class='ocrx_word' id='word_1_162' title='bbox 1070 1834 1279 1890; x_wconf 86' lang='lat' dir='ltr'>Turnus,</span> 
     </span>
     <span class='ocr_line' id='line_1_27' title="bbox 134 1899 1329 1963; baseline 0.001 -17"><span class='ocrx_word' id='word_1_163' title='bbox 134 1900 316 1948; x_wconf 70' lang='lat' dir='ltr'>Videre</span> <span class='ocrx_word' id='word_1_164' title='bbox 341 1901 557 1958; x_wconf 85' lang='lat' dir='ltr'>Ausonii,</span> <span class='ocrx_word' id='word_1_165' title='bbox 584 1899 864 1963; x_wconf 81' lang='lat' dir='ltr'>gelidusque</span> <span class='ocrx_word' id='word_1_166' title='bbox 890 1917 973 1962; x_wconf 84' lang='lat' dir='ltr'>per</span> <span class='ocrx_word' id='word_1_167' title='bbox 997 1900 1091 1946; x_wconf 82' lang='lat' dir='ltr'>ima</span> <span class='ocrx_word' id='word_1_168' title='bbox 1116 1900 1329 1947; x_wconf 77' lang='lat' dir='ltr'>cucurrit</span> 
     </span>
     <span class='ocr_line' id='line_1_28' title="bbox 137 1967 1445 2015; baseline -0.002 -1"><span class='ocrx_word' id='word_1_169' title='bbox 137 1968 259 2014; x_wconf 86' lang='lat' dir='ltr'>Ossa</span> <span class='ocrx_word' id='word_1_170' title='bbox 284 1976 478 2015; x_wconf 89' lang='lat' dir='ltr'>tremor.</span> <span class='ocrx_word' id='word_1_171' title='bbox 545 1969 703 2014; x_wconf 88' lang='lat' dir='ltr'>Prima</span> <span class='ocrx_word' id='word_1_172' title='bbox 722 1977 829 2014; x_wconf 83' lang='lat' dir='ltr'>ante</span> <span class='ocrx_word' id='word_1_173' title='bbox 845 1984 1010 2014; x_wconf 88' lang='lat' dir='ltr'>omnes</span> <span class='ocrx_word' id='word_1_174' title='bbox 1029 1969 1236 2015; x_wconf 86' lang='lat' dir='ltr'>Juturua</span> <span class='ocrx_word' id='word_1_175' title='bbox 1255 1967 1445 2013; x_wconf 80' lang='lat' dir='ltr'>Latinos</span> 
     </span>
     <span class='ocr_line' id='line_1_29' title="bbox 136 2033 1444 2098; baseline 0.001 -19"><span class='ocrx_word' id='word_1_176' title='bbox 136 2034 321 2091; x_wconf 85' lang='lat' dir='ltr'>Audiit,</span> <span class='ocrx_word' id='word_1_177' title='bbox 341 2034 638 2098; x_wconf 85' lang='lat' dir='ltr'>agnovitque</span> <span class='ocrx_word' id='word_1_178' title='bbox 661 2052 847 2092; x_wconf 90' lang='lat' dir='ltr'>sonum,</span> <span class='ocrx_word' id='word_1_179' title='bbox 875 2042 923 2082; x_wconf 86' lang='lat' dir='ltr'>et</span> <span class='ocrx_word' id='word_1_180' title='bbox 945 2033 1228 2081; x_wconf 80' lang='lat' dir='ltr'>tremefacta</span> <span class='ocrx_word' id='word_1_181' title='bbox 1255 2034 1444 2096; x_wconf 75' lang='lat' dir='ltr'>refugit.</span> 
     </span>
     <span class='ocr_line' id='line_1_30' title="bbox 135 2099 1423 2164; baseline -0.002 -17"><span class='ocrx_word' id='word_1_182' title='bbox 135 2099 220 2147; x_wconf 79' lang='lat' dir='ltr'>lue</span> <span class='ocrx_word' id='word_1_183' title='bbox 247 2103 395 2157; x_wconf 88' lang='lat' dir='ltr'>volat,</span> <span class='ocrx_word' id='word_1_184' title='bbox 422 2118 688 2164; x_wconf 86' lang='lat' dir='ltr'>campoque</span> <span class='ocrx_word' id='word_1_185' title='bbox 714 2112 868 2150; x_wconf 84' lang='lat' dir='ltr'>atrum</span> <span class='ocrx_word' id='word_1_186' title='bbox 897 2102 1021 2164; x_wconf 86' lang='lat' dir='ltr'>rapit</span> <span class='ocrx_word' id='word_1_187' title='bbox 1045 2117 1214 2163; x_wconf 81' lang='lat' dir='ltr'>agmen</span> <span class='ocrx_word' id='word_1_188' title='bbox 1239 2111 1423 2162; x_wconf 84' lang='lat' dir='ltr'>aperto.</span> 
     </span>
     <span class='ocr_line' id='line_1_31' title="bbox 137 2167 1441 2230; baseline -0.002 -16"><span class='ocrx_word' id='word_1_189' title='bbox 137 2167 319 2225; x_wconf 71' lang='lat' dir='ltr'>Qualis,</span> <span class='ocrx_word' id='word_1_190' title='bbox 350 2170 428 2215; x_wconf 90' lang='lat' dir='ltr'>ubi</span> <span class='ocrx_word' id='word_1_191' title='bbox 455 2168 514 2217; x_wconf 85' lang='lat' dir='ltr'>ad</span> <span class='ocrx_word' id='word_1_192' title='bbox 540 2178 686 2216; x_wconf 87' lang='lat' dir='ltr'>terras</span> <span class='ocrx_word' id='word_1_193' title='bbox 706 2170 914 2230; x_wconf 86' lang='lat' dir='ltr'>abrupto</span> <span class='ocrx_word' id='word_1_194' title='bbox 942 2168 1098 2215; x_wconf 76' lang='lat' dir='ltr'>sidere</span> <span class='ocrx_word' id='word_1_195' title='bbox 1126 2167 1311 2212; x_wconf 83' lang='lat' dir='ltr'>nimbus</span> <span class='ocrx_word' id='word_1_196' title='bbox 1349 2174 1441 2214; x_wconf 72' lang='lat'>451</span> 
     </span>
     <span class='ocr_line' id='line_1_32' title="bbox 137 2233 1444 2296; baseline -0.002 -15"><span class='ocrx_word' id='word_1_197' title='bbox 137 2236 183 2283; x_wconf 90' lang='lat' dir='ltr'>lt</span> <span class='ocrx_word' id='word_1_198' title='bbox 221 2251 345 2282; x_wconf 81' lang='lat' dir='ltr'>mare</span> <span class='ocrx_word' id='word_1_199' title='bbox 371 2253 454 2296; x_wconf 85' lang='lat' dir='ltr'>per</span> <span class='ocrx_word' id='word_1_200' title='bbox 479 2235 717 2292; x_wconf 75' lang='lat' dir='ltr'>mediun13</span> <span class='ocrx_word' id='word_1_201' title='bbox 758 2236 938 2282; x_wconf 79' lang='lat' dir='ltr'>miseris</span> <span class='ocrx_word' id='word_1_202' title='bbox 968 2237 1056 2281; x_wconf 83' lang='lat' dir='ltr'>beu</span> <span class='ocrx_word' id='word_1_203' title='bbox 1086 2235 1280 2293; x_wconf 66' lang='lat' dir='ltr'>praescia</span> <span class='ocrx_word' id='word_1_204' title='bbox 1307 2233 1444 2294; x_wconf 72' lang='lat' dir='ltr'>louge</span> 
     </span>
     <span class='ocr_line' id='line_1_33' title="bbox 136 2301 1344 2365; baseline -0.002 -17"><span class='ocrx_word' id='word_1_205' title='bbox 136 2303 437 2350; x_wconf 68' lang='lat' dir='ltr'>Horrescunt</span> <span class='ocrx_word' id='word_1_206' title='bbox 461 2302 607 2348; x_wconf 82' lang='lat' dir='ltr'>corda</span> <span class='ocrx_word' id='word_1_207' title='bbox 633 2303 884 2365; x_wconf 89' lang='lat' dir='ltr'>agricolis;</span> <span class='ocrx_word' id='word_1_208' title='bbox 923 2301 1061 2348; x_wconf 59' lang='lat' dir='ltr'>dabit</span> <span class='ocrx_word' id='word_1_209' title='bbox 1086 2301 1163 2347; x_wconf 88' lang='lat' dir='ltr'>ille</span> <span class='ocrx_word' id='word_1_210' title='bbox 1189 2301 1344 2346; x_wconf 82' lang='lat' dir='ltr'>ruinas</span> 
     </span>
     <span class='ocr_line' id='line_1_34' title="bbox 136 2367 1344 2431; baseline 0 -18"><span class='ocrx_word' id='word_1_211' title='bbox 136 2370 413 2416; x_wconf 76' lang='lat' dir='ltr'>Arboribus</span> <span class='ocrx_word' id='word_1_212' title='bbox 441 2378 741 2431; x_wconf 81' lang='lat' dir='ltr'>stragemque</span> <span class='ocrx_word' id='word_1_213' title='bbox 766 2369 895 2427; x_wconf 78' lang='lat' dir='ltr'>satis,</span> <span class='ocrx_word' id='word_1_214' title='bbox 925 2377 1027 2415; x_wconf 89' lang='lat' dir='ltr'>ruet</span> <span class='ocrx_word' id='word_1_215' title='bbox 1054 2367 1206 2414; x_wconf 73' lang='lat' dir='ltr'>omnia</span> <span class='ocrx_word' id='word_1_216' title='bbox 1235 2368 1344 2413; x_wconf 82' lang='lat' dir='ltr'>late.</span> 
     </span>
     <span class='ocr_line' id='line_1_35' title="bbox 136 2434 1400 2498; baseline 0.001 -18"><span class='ocrx_word' id='word_1_217' title='bbox 136 2438 446 2494; x_wconf 81' lang='lat' dir='ltr'>Antevolant‚</span> <span class='ocrx_word' id='word_1_218' title='bbox 473 2437 778 2498; x_wconf 82' lang='lat' dir='ltr'>sonitumque</span> <span class='ocrx_word' id='word_1_219' title='bbox 806 2437 964 2483; x_wconf 84' lang='lat' dir='ltr'>ferunt</span> <span class='ocrx_word' id='word_1_220' title='bbox 987 2437 1043 2480; x_wconf 84' lang='lat' dir='ltr'>ad</span> <span class='ocrx_word' id='word_1_221' title='bbox 1072 2437 1228 2482; x_wconf 72' lang='lat' dir='ltr'>littora</span> <span class='ocrx_word' id='word_1_222' title='bbox 1257 2434 1400 2481; x_wconf 83' lang='lat' dir='ltr'>venti.</span> 
     </span>
     <span class='ocr_line' id='line_1_36' title="bbox 133 2502 1247 2550; baseline -0.002 -2"><span class='ocrx_word' id='word_1_223' title='bbox 133 2502 265 2549; x_wconf 82' lang='lat' dir='ltr'>Talis</span> <span class='ocrx_word' id='word_1_224' title='bbox 288 2504 335 2550; x_wconf 86' lang='lat' dir='ltr'>iu</span> <span class='ocrx_word' id='word_1_225' title='bbox 359 2503 586 2550; x_wconf 84' lang='lat' dir='ltr'>adversos</span> <span class='ocrx_word' id='word_1_226' title='bbox 611 2503 788 2550; x_wconf 89' lang='lat' dir='ltr'>ductor</span> <span class='ocrx_word' id='word_1_227' title='bbox 812 2503 1062 2550; x_wconf 84' lang='lat' dir='ltr'>Rhoete&#39;ius</span> <span class='ocrx_word' id='word_1_228' title='bbox 1087 2502 1247 2547; x_wconf 84' lang='lat' dir='ltr'>hostes</span> 
     </span>
     <span class='ocr_line' id='line_1_37' title="bbox 135 2567 1346 2635; baseline -0.003 -18"><span class='ocrx_word' id='word_1_229' title='bbox 135 2571 321 2633; x_wconf 81' lang='lat' dir='ltr'>Agmeu</span> <span class='ocrx_word' id='word_1_230' title='bbox 346 2570 476 2635; x_wconf 86' lang='lat' dir='ltr'>agit;</span> <span class='ocrx_word' id='word_1_231' title='bbox 515 2570 651 2618; x_wconf 87' lang='lat' dir='ltr'>densi</span> <span class='ocrx_word' id='word_1_232' title='bbox 672 2570 836 2617; x_wconf 89' lang='lat' dir='ltr'>cuneis</span> <span class='ocrx_word' id='word_1_233' title='bbox 863 2585 912 2618; x_wconf 79' lang='lat' dir='ltr'>se</span> <span class='ocrx_word' id='word_1_234' title='bbox 938 2569 1139 2632; x_wconf 90' lang='lat' dir='ltr'>quisque</span> <span class='ocrx_word' id='word_1_235' title='bbox 1165 2567 1346 2615; x_wconf 74' lang='lat' dir='ltr'>coactis</span> 
     </span>
    </p>
   </div>
  </div>
 </body>
</html>
