1607 2700
142 120 235 166 1⁶74
409 128 492 161 .P.
535 129 778 163 visseimr
821 128 1079 164 MARONrs

138 246 360 307 Improbe
386 263 530 302 amor,
558 247 672 310 quid
700 264 791 294 nou
820 248 1032 294 mortalia
1056 255 1255 310 pectora
1280 246 1444 309 cogis?

135 312 210 358 lre
235 313 405 359 iterum
432 313 474 358 iu
501 314 753 376 lacrymas,
781 314 951 360 ita-rum
979 323 1157 361 tentare
1191 313 1441 375 ,precando

134 378 348 441 Cogitur,
374 387 421 426 et
444 381 638 442 supplex
658 381 840 426 animos
865 381 1146 427 submittere
1171 379 1349 436 amori;

132 443 210 491 Ne
231 444 342 508 quid
371 447 682 508 inexpertum,
705 446 880 492 frustra
909 447 1150 502 moritura,
1187 445 1441 509 relinquat.

134 512 292 566 Anna,
321 512 450 558 vides
479 521 577 557 toto
604 510 849 574 properari
894 511 1078 568 littore;
1118 513 1299 559 circum

133 576 361 638 Undique
387 580 649 625 convenere
670 596 683 634 ;
723 583 866 623 vocat
883 576 988 637 jam
1012 579 1241 626 carbasus
1266 594 1404 624 auras
1427 596 1442 636 ;

132 642 381 705 Puppibus
406 652 451 689 et
477 643 573 690 laeti
598 651 755 689 nautae
779 643 1042 704 imposuere
1062 661 1279 691 coronas.

134 708 278 755 Hunc
306 726 393 771 ego
418 710 455 755 si
476 711 613 771 potui
638 719 823 756 tautum
846 726 1036 770 sperare
1061 710 1292 767 dolorem,
1347 716 1444 765 419

133 775 194 819 Et
210 775 434 836 perferre,
455 792 603 832 soror,
618 783 801 837 potero.
818 775 1007 823 Miserae
1023 777 1110 823 hoc
1123 785 1278 823 tamen
1298 792 1443 822 unum

132 841 421 903 Exsequere,
449 844 602 898 Anna,
630 842 772 889 mihi:
811 842 958 888 solam
994 860 1103 889 nam
1131 842 1341 904 perfidus
1369 842 1444 888 ille

129 906 202 952 Te
222 910 395 964 colere,
423 925 620 955 arcanos
645 909 787 956 etiam
816 908 906 955 tibi
931 910 1122 956 credere
1148 925 1342 964 sensus;

133 972 243 1019 Sola
270 974 352 1020 viri
379 974 539 1020 molles
563 974 722 1022 aditus
749 982 797 1022 et
822 981 1037 1037 tempora
1065 978 1221 1023 ueras.

131 1039 168 1093 l,
195 1056 346 1097 soror,
375 1048 518 1103 atque
546 1041 732 1088 hostem
757 1041 963 1103 supplex
982 1041 1126 1088 affare
1153 1041 1441 1104 superbum:

130 1105 240 1151 Non
256 1122 344 1168 ego
361 1123 466 1153 cum
486 1108 661 1154 Danais
677 1107 945 1169 Trojauam
959 1108 1236 1155 exscindere
1254 1113 1440 1170 gentem

131 1171 303 1218 Aulide
321 1172 499 1234 juravi,
528 1173 789 1221 classemve
809 1173 869 1220 ad
894 1174 1122 1237 Pergama
1142 1174 1273 1227 misi;

130 1238 236 1285 Nec
262 1240 405 1300 patris
432 1240 658 1287 Auchisoe
684 1241 864 1287 cineres
890 1257 1109 1287 manesve
1133 1240 1323 1287 revelli:

131 1304 231 1350 Cur
251 1321 352 1352 mea
377 1306 506 1352 dicta
533 1314 675 1370 negat
699 1306 840 1353 duras
864 1306 1111 1353 demittere
1130 1306 1177 1351 in
1203 1308 1375 1354 aures'.l

131 1371 242 1424 Quo
283 1372 416 1418 ruit?
466 1379 732 1420 extremum
795 1373 887 1420 hoc
930 1373 1110 1420 miserae
1151 1372 1235 1420 det
1271 1389 1440 1419 munus
1480 1375 1485 1384 '

263 1438 466 1485 amanti:
1343 1445 1440 1494 429

129 1504 367 1565 Expectet
384 1504 670 1579 facilemque
691 1505 871 1567 fugam,
912 1513 1170 1566 ventosque
1191 1504 1418 1553 ferentes.

130 1569 272 1616 Non
252 1587 352 1631 Jam
372 1571 647 1632 conjugium
660 1572 927 1633 antiquum,
943 1572 1071 1634 quod
1086 1572 1316 1633 prodidit,
1336 1589 1438 1629 oro,

130 1636 236 1683 Nec
254 1638 456 1699 pulchro
468 1645 521 1684 ut
544 1638 676 1684 Latio
697 1646 868 1693 careat,
886 1638 1437 1699 regnumquerelinquat.

129 1702 337 1765 scrupus
364 1704 500 1749 inane
526 1713 653 1766 peto,
679 1703 891 1766 requiem
917 1704 1224 1766 spatiumque
1260 1703 1436 1760 surori3

130 1768 257 1814 Dum
284 1785 388 1816 mea
412 1787 484 1816 me
511 1771 689 1817 victam
713 1769 886 1816 doceat
910 1769 1104 1816 fortuna
1127 1770 1305 1816 dolere.

131 1835 400 1882 Extremam
424 1836 545 1883 hanc
570 1853 654 1884 oro
678 1837 886 1892 veniam;
925 1837 1143 1883 miserere
1167 1837 1339 1883 sororis
1359 1838 1370 1884 ἱ

130 1903 290 1956 Quam
332 1903 444 1949 mihi
490 1904 600 1951 cum
637 1902 839 1960 dederis,
882 1903 1170 1951 cumulatam
1197 1911 1346 1951 morte
1371 1920 1440 1950 re·

262 1969 469 2016 mittam.

194 2036 391 2082 Talibus
416 2035 601 2092 orabat,
628 2036 841 2097 talesque
865 2035 1126 2082 miserrima
1151 2033 1291 2083 fietus

130 2101 334 2162 Fertque
361 2102 597 2164 refertque
622 2118 783 2149 soror:
823 2102 907 2149 sed
935 2101 1075 2148 nullis
1098 2101 1175 2148 ille
1199 2108 1420 2148 movetur

130 2167 358 2223 Fletibus,
385 2176 468 2214 aut
492 2185 630 2216 voces
658 2169 773 2215 ullas
799 2167 1066 2215 tractabilis
1090 2167 1243 2214 audit.
1343 2175 1438 2226 439

129 2235 245 2280 Fata
261 2234 469 2289 obstant,
488 2234 799 2296 placidasque
816 2235 902 2281 viri
921 2236 1052 2280 Deus
1063 2234 1269 2280 obstruit
1285 2250 1438 2281 aures.

129 2302 201 2345 Ac
228 2300 373 2355 velut,
400 2315 582 2348 annoso
609 2301 812 2347 validam
839 2301 949 2347 cum
975 2300 1145 2346 robore
1172 2316 1398 2360 quercum

129 2366 294 2428 Alpini
315 2367 479 2412 Boreae
506 2383 630 2413 nunc
657 2367 783 2423 hinc,
811 2384 937 2413 nunc
964 2366 1152 2412 flatibus
1178 2366 1306 2413 illinc

128 2432 304 2479 Eruere
331 2433 451 2480 iuter
475 2450 526 2480 se
552 2441 735 2480 certant
756 2451 769 2489 ;
807 2435 843 2480 it
868 2433 1059 2490 stridor,
1080 2440 1125 2478 et
1144 2432 1240 2479 alte

131 2499 456 2546 Consteruunt
481 2508 654 2548 terram
679 2515 913 2547 concusso
939 2498 1099 2559 stipite
1123 2496 1345 2555 frondes;
