1607 2700
553 99 812 135 AENEmos
840 99 947 132 ΜΒ.
989 100 1069 133 vu
1353 88 1447 133 ‘257

141 220 306 277 Ufens,
332 220 558 281 insignem
583 218 710 265 fama
734 226 780 264 et
804 217 1026 264 felicibus
1051 212 1221 265 armis:
1254 216 1258 220 ’

143 287 350 334 Horrida
375 285 619 348 praecipue
646 285 723 331 cui
744 300 875 345 gens,
903 292 1187 345 assuetaque
1214 285 1368 334 multo

141 354 326 400 Venatu
349 368 611 407 nemorum,
637 351 767 397 duris
792 350 1044 411 AEquicola
1069 350 1239 412 glebis.

148 418 322 466 Armati
346 425 517 465 terram
543 426 784 473 exercent,
811 432 1090 477 semperque
1115 427 1329 464 recentes

140 486 434 531 convectare
454 485 597 546 juvat
624 485 828 546 praedas,
855 492 903 530 et
926 482 1082 529 vivere
1105 491 1256 544 rapto.

204 551 330 605 Quin
357 559 405 597 et
432 552 680 598 Marrubifi
702 551 827 597 venit
852 550 910 595 de
935 558 1072 610 gente
1089 548 1328 605 sacerdos,
1360 556 1456 602 7:30

141 617 323 663 Fronde
347 633 489 679 super
513 618 689 678 galeam
717 626 762 664 et
787 616 913 663 felici
939 624 1127 662 conitus
1154 616 1290 671 oliva,

138 683 375 746 Archippi
400 685 521 746 regis
549 684 708 740 missu,
736 683 1020 730 fortissimus
1044 682 1257 729 Umbro:

136 749 339 810 Vipereo
355 750 512 812 generi
536 759 583 797 et
608 750 808 811 graviter
833 749 1122 812 spirantibus
1150 748 1310 810 hydris

138 817 374 878 Spargere
399 818 481 879 qui
506 834 698 864 somnos
723 825 964 878 cantuque
989 832 1231 876 manuque
1257 816 1458 870 solebat,

142 882 485 944 Mulcebatque
510 885 620 942 iraS,
648 892 696 931 et
720 900 902 930 morsus
929 890 1027 929 arte
1053 882 1261 927 levabat.

138 949 235 995 Sed
261 965 356 995 non
384 951 642 997 Dardaniae
668 950 890 996 medicari
917 948 1133 1009 cuspidis
1159 948 1304 994 ictum

138 1016 359 1069 Evaluit3
396 1033 552 1079 neque
579 1034 688 1065 eum
706 1016 877 1077 juvere
903 1016 949 1060 in
988 1015 1182 1060 vulnera
1209 1022 1377 1061 cautus

137 1081 399 1138 Somuiteri,
425 1093 472 1130 et
498 1084 669 1130 Marsis
697 1083 912 1145 quaesite
942 1082 989 1127 iu
1016 1081 1256 1127 montibus
1283 1081 1461 1128 lierbae.

135 1147 209 1195 Te
236 1164 402 1195 nemus
429 1150 653 1214 Angitiae,
676 1150 823 1196 vitrea
852 1159 896 1195 te
922 1149 1132 1195 Fucinus
1163 1149 1304 1204 unda,

136 1216 206 1261 'le
227 1215 393 1277 liquidi
420 1190 588 1263 flevere
611 1217 761 1263 lacus.
869 1242 872 1245 Δ
1366 1214 1461 1268 750

203 1282 310 1328 lbat
334 1290 378 1329 et
400 1283 651 1358 Hippolyti
675 1283 835 1345 proles
861 1281 1183 1343 pulcheriima
1205 1281 1350 1338 bello,

136 1348 360 1405 Virbius;
400 1349 633 1412 insignem
673 1366 814 1412 quem
840 1356 992 1395 mater
1016 1348 1177 1394 Aricia
1204 1348 1343 1404 misit,

137 1414 382 1462 Eductum
408 1417 591 1479 Egeriae
616 1417 732 1463 lucis
761 1415 1001 1461 humentia
1029 1414 1204 1461 circum

137 1481 335 1538 Littora,
363 1482 549 1545 pinguis
577 1484 659 1530 ubi
683 1491 729 1529 et·
754 1482 1009 1545 placabilis
1037 1499 1116 1527 ara
1143 1483 1326 1527 Dianae.

140 1548 364 1617 Namque
389 1548 549 1597 ferunt
572 1550 697 1597 fama
722 1549 1059 1610 Hippolytum,
1082 1555 1342 1609 postquam
1365 1557 1459 1594 arte

273 1631 496 1663 novercae

137 1682 403 1737 Occiderit,
434 1682 709 1745 patriasque
733 1682 938 1744 explerit
964 1680 1192 1743 sanguine
1212 1697 1393 1745 poenas,

133 1748 365 1796 Turbatis
390 1749 652 1798 distractus
678 1752 831 1811 equis,
859 1749 920 1794 ud
947 1747 1100 1795 sidera
1126 1765 1286 1794 rursus

135 1815 354 1862 AEtherea
379 1823 426 1863 et
451 1833 646 1878 superas
672 1817 779 1863 coeli
805 1817 980 1861 venisse
1009 1815 1097 1860 sub
1122 1831 1277 1870 auras,

137 1881 325 1929 Paeonis
350 1891 630 1930 revocatum
656 1882 834 1933 herbis,
858 1890 907 1928 et
933 1897 1091 1927 amore
1120 1882 1304 1928 Dianae.

137 1949 263 1996 Tum
303 1950 446 1996 Pater
483 1950 802 2011 omnipotens,
840 1949 1044 2010 aliquem
1085 1947 1358 2010 indignatus
1400 1949 1461 1994 ab

271 2015 452 2064 umbris
1366 2023 1461 2070 770

141 2083 394 2129 Mortalein
420 2082 615 2130 infernis
641 2082 702 2129 ad
730 2081 1107 2139 luminasurgere
1136 2079 1262 2138 vitrii,

142 2149 250 2210 lpse
275 2158 565 2212 repertorem
587 2148 833 2196 mediciuae
859 2149 964 2194 talis
990 2157 1035 2192 et
1061 2147 1176 2194 artis

142 2215 353 2262 Fulmine
379 2217 725 2279 Phoebigenam
754 2216 936 2277 Stygias
977 2213 1181 2262 detrusit
1205 2214 1264 2261 ad
1294 2214 1443 2261 undas

141 2286 206 2330 At
227 2283 389 2329 Trivia
415 2284 733 2346 Hippolytum
756 2281 948 2328 secretis
974 2280 1095 2326 aliua
1114 2282 1332 2328 recondit

142 2349 362 2406 Sedibus,
383 2359 430 2397 et
456 2351 700 2414 Nympliae
726 2348 926 2412 AEgeriae
949 2349 1226 2411 nemorique
1255 2350 1474 2410 relegas

143 2417 277 2462 Solus
305 2416 386 2462 ubi
413 2417 458 2463 iu
481 2418 608 2465 silvis
630 2416 759 2463 Italis
786 2415 1005 2477 ignobilis
1032 2431 1184 2461 aevum
1211 2442 1215 2446 ·

148 2483 379 2545 Exigeret‚
407 2501 638 2546 versoque
666 2483 746 2530 ubi
773 2482 962 2530 nomine
989 2482 1183 2528 Virbius
1210 2490 1349 2527 essert.
