1614 2694
191 39 252 80 4-8
524 49 570 82 P.
612 48 863 84 vtssfflml
904 50 1167 85 MARONis

195 167 467 221 conserere,
489 176 632 230 atque
650 170 751 215 olea
769 180 991 232 magnum
1004 171 1176 218 vestire
1193 170 1495 217 Taburnum.

193 235 370 295 Tuque
395 234 529 290 ades,
556 236 895 299 inceptumque
921 237 1015 283 una
1041 238 1243 284 decurre
1268 237 1494 292 laborem,

195 300 240 346 O
258 301 435 358 decus,
458 318 486 347 o
511 301 651 348 famae
676 303 843 350 merito
865 319 974 365 pars
999 305 1197 350 maxima
1217 313 1412 360 nostrae,
1433 311 1496 351 40

195 366 454 424 Maecenas,
481 368 749 432 pelagoque
774 371 937 416 volans
963 370 1026 416 da
1050 371 1151 417 vela
1177 372 1371 431 patenti.

193 432 308 478 Non
331 450 418 496 ego
443 444 619 482 cuncta
644 437 759 483 meis
785 437 1013 498 amplecti
1041 437 1257 483 versibus
1283 445 1427 498 opto:

193 499 322 556 Non,
347 501 456 547 milii
476 502 515 548 si
540 502 711 562 linguae
729 511 921 549 centum
941 503 1049 559 sint,
1071 519 1248 564 oraque
1266 513 1477 558 centum,

196 566 364 613 Ferrea
388 585 506 616 vox:
544 568 674 624 ades,
701 578 748 615 et
773 569 911 632 primi
936 570 1038 629 lege
1061 569 1230 614 littoris
1258 585 1405 614 oram.

196 633 251 681 In
277 634 497 680 manibus
524 643 659 681 terrae
682 653 692 682 z
732 653 827 682 non
855 633 932 681 liic
958 644 1004 681 te
1030 634 1235 681 carmine
1261 635 1394 691 ficto,

198 702 357 760 Atque
382 717 465 761 per
488 701 713 762 ambages
739 712 785 748 et
813 703 952 764 longa
976 717 1160 758 exorsa,
1188 704 1381 765 tenebo.

261 767 444 827 Sponte
470 770 551 814 sua
575 784 682 830 quae
699 786 747 815 se
775 770 947 815 tollunt
971 768 1017 813 in
1043 768 1228 814 luminis
1253 784 1408 823 auras,

194 833 478 882 Infoecunda
504 836 713 896 quidem,
744 835 822 882 sed
849 836 956 882 laeta
982 843 1029 881 et
1054 834 1192 881 fortia
1219 845 1430 895 surgunt.

197 900 393 963 Quippe
419 902 522 948 solo
548 910 720 949 natura
739 903 922 949 subest.
967 902 1153 948 Tamen
1180 901 1282 948 haec
1309 918 1497 964 quoque

327 983 366 1013 si
386 984 491 1030 quis

195 1033 393 1090 luserat,
410 1043 493 1082 aut
510 1036 757 1082 scrobibus
775 1035 972 1082 mandet
985 1041 1170 1081 mutata
1181 1034 1410 1092 subactis,
1435 1041 1497 1082 50

194 1101 423 1147 Exuerint
447 1102 703 1149 silvestrem
720 1104 954 1157 animumn
993 1104 1220 1162 cultuque
1241 1101 1495 1164 frequenti,

176 1167 250 1226 ‚In
272 1183 586 1232 quascunque
600 1186 737 1216 voces
758 1179 896 1226 artes,
918 1169 1046 1215 baud
1068 1168 1205 1214 tarda
1221 1177 1496 1230 sequentur.

195 1234 402 1280 Necnon
427 1244 475 1282 et
500 1237 686 1292 sterilis,
715 1252 822 1298 quae
848 1235 1074 1297 stirpibus
1100 1235 1198 1281 exit
1222 1237 1282 1282 ab
1307 1236 1431 1292 imis,

196 1301 307 1347 Hoc
332 1300 490 1357 faciet,
517 1319 693 1349 vacuos
717 1304 755 1348 si
782 1303 842 1350 sit
861 1302 1044 1364 digesta
1070 1317 1156 1363 per
1179 1318 1345 1364 agros:

195 1367 340 1414 Nunc
366 1369 475 1415 altae
500 1368 690 1416 frondes
716 1378 761 1415 et
788 1369 902 1415 rami
928 1367 1084 1414 matris
1109 1377 1331 1427 opacant,

197 1434 546 1498 Crescentique
566 1435 786 1482 adimunt
805 1436 965 1492 foetus,
989 1442 1228 1497 uruntque
1248 1436 1490 1484 ferentem.

191 1514 236 1562 ²<-
262 1502 386 1558 Jam,
414 1519 523 1564 quae
549 1502 805 1550 seminibus
823 1501 970 1562 jactis
996 1518 1045 1547 se
1070 1502 1256 1549 sustulit
1275 1502 1432 1559 arbos,

196 1566 358 1614 Tarda
384 1569 526 1624 venit,
557 1570 670 1615 seris
695 1568 886 1616 factura
909 1568 1167 1629 nepotibus
1194 1570 1410 1615 umbram
1431 1587 1444 1623 ;

195 1634 441 1697 Pomaque
461 1635 761 1698 degenerant
784 1650 955 1681 succos
981 1634 1128 1680 oblita
1153 1635 1329 1696 priores
1353 1652 1366 1690 ;

196 1701 257 1746 Et
281 1709 445 1764 turpes
471 1704 638 1748 avibus
659 1702 869 1764 praedam
894 1700 986 1747 fert
1010 1716 1101 1748 uva
1125 1717 1356 1748 racemos.
1437 1700 1503 1748 60

198 1768 394 1814 Scilicet
413 1769 633 1815 omnibus
652 1778 723 1815 est
740 1768 873 1814 labor
892 1767 1255 1828 impendendus,
1277 1777 1323 1815 et
1339 1785 1502 1815 omnes

198 1834 441 1895 Cogendae
461 1836 506 1882 in
531 1837 731 1890 sulcum,
750 1851 807 1881 ac
829 1836 976 1881 multa
993 1835 1212 1881 mercede
1229 1835 1502 1883 domandae.

198 1901 295 1947 Sed
321 1903 496 1949 truncis
523 1904 639 1950 oleae
664 1902 847 1958 melius,
873 1901 1138 1963 propagine
1161 1901 1282 1948 vites

199 1967 532 2029 Respondent,
560 1969 713 2016 solido
738 1969 935 2030 Paphiae
959 1969 1016 2014 de
1041 1968 1210 2014 robore
1237 1977 1433 2030 myrtus,

198 2034 375 2080 Plantis
393 2044 442 2082 et
466 2037 598 2083 (lurae
623 2037 771 2099 coryli
795 2043 1075 2091 nascuntur,
1102 2042 1150 2081 et
1173 2035 1335 2097 ingens

199 2101 444 2157 FraxiHUS‚
473 2103 824 2164 Herculeaeque
848 2104 987 2149 arbos
1015 2103 1241 2148 umbrosa
1260 2116 1466 2156 corouae,

200 2168 502 2230 Chaoniique
526 2171 672 2232 patris
697 2169 923 2232 glandes;
960 2168 1100 2215 etiam
1126 2168 1274 2215 ardua
1305 2168 1468 2230 palma
1531 2185 1536 2190 ’

199 2233 447 2291 Nascitur,
474 2246 522 2282 et
547 2253 682 2283 casus
708 2237 840 2282 abies
866 2236 1028 2282 visura
1054 2234 1275 2281 marinos.

200 2300 431 2348 Inseritur
454 2302 567 2350 vero
592 2311 640 2350 et
664 2302 782 2349 foetu
806 2302 942 2349 nucis
967 2303 1163 2349 arbutus
1190 2299 1400 2356 horrida,

200 2367 264 2413 Et
289 2368 469 2415 steriles
496 2369 678 2432 platani
704 2371 852 2416 malos
878 2385 1064 2431 gessere
1090 2369 1300 2414 valentes
1322 2385 1335 2414 ;
1439 2376 1497 2423 70

202 2434 447 2482 Castaueae
474 2437 626 2499 fagus,
654 2453 895 2498 ornusque
922 2435 1132 2482 incanuit
1157 2435 1266 2481 albo

204 2501 339 2549 l'lore
364 2502 469 2566 piri,
496 2504 813 2569 glandemque
839 2518 948 2553 sues
969 2503 1150 2566 fregere
1171 2503 1262 2550 sub
1289 2502 1447 2550 ulmis.
1466 2501 1516 2554 Υ
