1546 2686
520 83 796 118 GEORGICA.
852 84 962 118 Lm.
1001 81 1075 118 IV·
1387 84 1441 122 93

131 203 322 250 Effusus
346 202 495 257 labor,
524 211 668 263 atque
696 200 882 246 immitis
907 209 1046 263 rupta
1075 201 1260 265 tyranni
1339 210 1436 259 492

130 270 341 325 Foedera,
368 278 531 330 terque
557 269 715 330 fragor
740 268 917 328 stagnis
943 268 1133 314 auditus
1159 269 1369 317 Avernis,

131 336 232 391 Illa,
259 335 379 390 Quis
404 344 448 381 et
477 352 564 391 me,
587 335 755 396 inquit,
783 337 1021 389 miseram,
1041 343 1088 381 et
1121 342 1167 381 te
1208 336 1436 399 perdidit,

260 400 489 462 Orpheu?

129 467 247 522 Quis
271 475 429 514 tantus
454 467 619 514 furor?
643 484 701 514 en
726 467 896 513 iterum
923 465 1133 514 crudelia
1157 475 1283 515 retro

128 534 245 580 Fata
269 542 458 591 vocant,
480 535 741 596 conditque
767 533 976 581 natantia
998 534 1171 581 lumina
1193 551 1404 583 somnus.

127 599 329 663 Jamque
350 601 480 647 vale:
506 600 630 648 feror
654 601 829 663 ingenti
855 600 1154 648 circumdata
1178 611 1337 658 nocte,

127 666 463 730 Invalidasque
489 667 574 713 tibi
598 669 812 723 tetidem,
841 668 954 714 heu!
994 684 1086 713 non
1111 677 1208 724 tua,
1235 668 1437 730 palmas,

126 731 280 789 Dixit,
307 741 354 780 et
377 750 434 780 ex
459 735 610 780 oculis
637 734 813 790 subito,
842 749 930 780 ceu
951 733 1107 780 fumus
1133 734 1180 780 in
1205 750 1340 782 auras

128 799 427 847 Commixtus
444 809 624 858 tenues,
648 801 770 863 fugit
786 800 998 855 diversa;
1025 817 1173 863 neque
1191 801 1318 848 illum
1343 807 1437 849 500

125 864 432 913 Prensantem
458 867 778 930 nequicquam
805 868 1012 922 umbras,
1040 875 1086 913 et
1113 868 1262 914 multa
1280 869 1439 915 volen-

126 931 314 990 Dicere,
339 943 573 996 praeterea
598 933 744 988 vidit;
771 948 860 980 nec
885 933 1090 996 portitor
1113 933 1232 981 Orci
1322 936 1436 998 [tem

125 1000 346 1062 Amplius
371 1000 614 1062 objectam
641 1016 809 1064 passus
831 999 1028 1046 transire
1054 999 1293 1063 paludem.

125 1066 255 1120 Quid
280 1066 491 1115 faceret?
518 1067 614 1130 quo
640 1084 687 1114 se
710 1067 849 1129 rapta
877 1067 946 1113 bis
972 1068 1175 1130 conjuge
1200 1067 1373 1115 ferret?

125 1132 238 1187 Quo
262 1132 376 1181 fletu
401 1135 587 1191 Manes,
615 1136 709 1196 qua
733 1135 922 1180 numina
948 1150 1062 1180 voce
1089 1136 1328 1182 moveret?

123 1199 211 1246 llla
236 1200 428 1262 quidem
453 1202 618 1263 Stygia
642 1203 787 1247 nabat
803 1200 902 1261 jam
929 1199 1097 1263 frigida
1117 1202 1304 1264 cymba.

126 1267 320 1330 Septem
346 1268 475 1314 illum
503 1277 627 1315 totos
653 1267 901 1331 perhibent
926 1283 983 1313 ex
1008 1267 1168 1314 ordine
1194 1284 1382 1315 menses

125 1333 263 1396 Rupe
289 1335 377 1381 sub
397 1335 519 1381 aeria
562 1333 734 1380 deserti
759 1333 817 1379 ad
846 1334 1113 1397 Strymonis
1141 1334 1318 1381 undam

126 1399 344 1457 Flevisse,
370 1411 416 1448 et
441 1401 610 1462 gelidis
637 1401 736 1446 haec
761 1401 990 1447 evolvisse
1009 1400 1095 1447 sub
1120 1401 1282 1457 antris,

124 1467 418 1514 Mulcentem
445 1469 603 1530 tigres,
630 1475 678 1513 et
703 1475 920 1528 agentem
946 1467 1155 1513 carmine
1181 1484 1402 1530 quercuS.

125 1534 290 1588 Qualis
315 1536 521 1597 populea
545 1549 739 1580 moereus
763 1533 1019 1579 Philomela
1045 1535 1132 1580 sub
1159 1534 1325 1582 umbra
1343 1543 1430 1583 511

124 1601 340 1647 Amissos
367 1602 575 1662 queritur
599 1601 758 1656 foetus,
787 1617 905 1662 quos
932 1599 1078 1646 durus
1104 1609 1260 1647 arator

123 1667 393 1715 Observans
419 1668 532 1714 nido
558 1668 807 1729 implumes
833 1667 1057 1722 detraxit3
1084 1676 1131 1714 at
1149 1667 1228 1714 illa

124 1735 227 1782 flet
251 1743 458 1792 noctem,
484 1750 708 1797 ramoque
736 1733 904 1780 sedens
945 1734 1209 1781 miserabile
1246 1750 1434 1780 carmen

125 1800 351 1862 Integrat,
378 1808 426 1847 et
445 1800 623 1849 moestis
648 1801 742 1847 late
768 1800 873 1846 loca
899 1800 1143 1861 questibus
1170 1801 1354 1861 implet.

123 1867 269 1912 Nulla
297 1867 469 1923 Venus,
496 1867 711 1928 nullique
736 1866 941 1912 animum
970 1865 1140 1912 flexere
1167 1865 1413 1928 hymenaei.

124 1933 265 1979 Solus
288 1933 620 1995 Hyperboreas
639 1933 831 1994 glacieS,
858 1933 1157 1994 Tanaimque
1182 1932 1399 1987 nivalem,

126 2002 347 2062 Arvaque
369 2000 579 2062 Rhipaeis
603 2015 844 2061 nunquam
872 1998 1065 2046 viduata
1092 1998 1270 2062 pruinis

124 2067 407 2122 Lustrabat;
434 2076 618 2129 raptam
646 2065 929 2126 Eurydicen,
956 2073 1099 2128 atque
1141 2065 1266 2112 irrita
1312 2063 1435 2110 Ditis

124 2132 264 2179 Dona
290 2149 510 2194 querens:
538 2142 711 2196 spretae
735 2131 970 2178 Ciconum
999 2149 1094 2195 quo
1120 2148 1315 2178 munere
1344 2147 1438 2176 ma-

254 2207 365 2256 tres,
1341 2203 1436 2243 520

123 2266 251 2312 Inter
276 2282 405 2313 sacra
431 2265 605 2322 Deum,
631 2264 949 2326 nocturnique
975 2264 1101 2325 orgia
1128 2264 1324 2321 Bacchi,

130 2332 438 2394 Discerptum
467 2333 824 2394 latosjuvenem
848 2347 1058 2393 sparsere
1085 2347 1170 2394 per
1194 2346 1348 2393 agros-

125 2397 251 2446 Tum
272 2415 478 2461 quoque,
499 2398 754 2445 marmorea
772 2406 917 2461 caput
937 2414 962 2444 a
983 2398 1165 2444 cervice
1199 2397 1438 2444 revulsum

125 2464 326 2524 Gurgite
347 2465 456 2512 cum
483 2466 638 2512 medio
663 2475 857 2527 portans
883 2463 1107 2525 OEagrius
1136 2464 1322 2510 Hebrus

125 2530 360 2587 Volveret,
388 2532 648 2596 Eurydicen
677 2547 764 2578 vox
793 2529 892 2593 ipsa
917 2539 960 2576 et
990 2530 1155 2592 frigida
1182 2530 1356 2593 lingua,
