1607 2700
178 99 278 148 260
508 113 556 147 p,
595 109 845 148 vmolmr
886 115 1150 147 MAnoms

175 232 400 293 Erigitur,
428 232 695 295 summique
717 233 823 280 serit
847 234 1088 296 laquearia
1116 233 1245 280 tecti.

242 300 350 345 Nox
371 307 485 355 erat,
505 308 552 346 et
577 308 724 347 terras
748 301 967 347 animalia
991 300 1113 347 fessa
1138 316 1223 362 per
1246 315 1410 346 omnes

173 365 388 412 Alituum
413 365 757 430 pecudumque
776 383 924 427 genus
943 384 1085 429 sopor
1109 369 1231 413 altus
1259 365 1486 413 habebat:

175 433 297 478 Cum
323 442 460 496 pater
483 434 526 479 in
552 435 669 496 ripa,
697 433 941 496 gelidique
967 434 1055 479 sub
1081 434 1266 480 aetheris
1293 449 1395 488 axe,

169 500 357 557 AEneas,
384 499 501 547 tristi
528 502 746 548 turbatus
774 510 969 562 pectora
994 500 1134 556 bello,

169 565 449 622 Procubuit,
477 584 722 629 seramque
747 567 879 613 dedit
903 582 991 628 per
1010 568 1221 613 membra
1246 567 1472 628 quietem.

169 633 296 678 Huic
325 635 457 680 Deus
483 633 586 695 ipse
611 634 719 690 loci,
742 633 885 679 fluvio
908 633 1161 679 Tiberinus
1187 651 1391 689 amoeno,
1421 640 1478 681 31

169 699 409 761 Populeas
434 700 552 745 inter
573 700 728 747 senior
754 717 801 746 se
828 700 1047 746 attollere
1072 699 1267 746 frondes

169 764 333 820 Visus;
374 782 482 812 eum
510 767 666 813 tenuis
691 767 864 829 glauco
886 766 1072 813 velabat
1098 766 1275 812 amictu

168 831 425 890 Carbasus,
453 840 499 878 et
525 833 674 880 crines
701 834 921 880 umbrosa
946 834 1137 894 tegebat
1164 832 1364 878 arundo.

168 897 297 944 Tum
325 899 392 946 sic
412 899 564 957 affari,
591 908 639 946 et
662 916 799 947 curas
826 901 895 946 his
919 900 1110 946 demere
1135 899 1300 945 dictis:
1357 900 1483 960 [hem

235 965 279 1011 O
306 975 407 1013 sate
432 974 571 1027 gente
599 967 774 1025 Defirn,
801 966 1059 1028 Trojanam
1087 984 1141 1013 ex
1171 966 1389 1013 hostibus
1417 983 1489 1012 ur-
1525 994 1530 997 -

170 1031 267 1086 Qui
291 1033 474 1079 revehis
500 1034 650 1090 nobis,
676 1042 944 1096 aeternaque
962 1033 1187 1095 Pergama
1212 1050 1386 1091 servas,

167 1099 439 1160 Expectate
457 1100 557 1146 solo
582 1100 807 1147 Laurenti
833 1101 1055 1162 arvisque
1083 1101 1288 1154 Latinis;

169 1165 265 1212 Hic
284 1166 371 1213 tibi
389 1176 522 1213 certa
545 1167 736 1221 donius;
785 1168 918 1222 certi,
940 1184 997 1213 ne
1022 1167 1215 1222 absiste,
1253 1168 1453 1213 Penates
1473 1186 1484 1220 ;

166 1231 278 1278 Neu
303 1233 412 1280 belli
437 1242 611 1282 terrere
636 1234 784 1280 nfinis.
854 1235 1039 1281 Tumor
1063 1233 1210 1279 omnis
1234 1241 1280 1280 et
1305 1234 1384 1280 irae
1425 1241 1488 1280 40

170 1299 465 1348 Concessere
494 1301 667 1347 Deum.

166 1367 373 1428 Jamque
398 1368 503 1424 tibi,
529 1384 588 1414 ne
615 1383 735 1414 vana
758 1376 900 1429 putes
926 1367 1027 1413 haec
1050 1366 1224 1428 fingere
1250 1383 1486 1423 somnum,

167 1432 391 1481 Littoreis
417 1435 578 1497 ingens
604 1434 795 1480 inventa
819 1434 908 1480 sub
929 1434 1115 1480 ilicibus
1142 1451 1235 1490 sus,

167 1499 381 1560 Triginta
406 1501 622 1564 capitum
647 1500 789 1548 foetus
814 1502 965 1557 enixa,
984 1500 1201 1563 jacebit;

166 1567 311 1624 Alba,
341 1569 441 1616 solo
468 1569 716 1625 recubanS,
745 1568 842 1615 albi
867 1568 1047 1614 circum
1070 1568 1217 1615 ubera
1241 1568 1355 1614 nati.

167 1633 257 1679 Hic
280 1633 417 1681 locus
443 1634 571 1681 urbis
594 1635 699 1690 erit,
725 1635 914 1696 requies
938 1652 994 1681 ea
1017 1644 1143 1681 certa
1169 1636 1387 1681 laborum
1408 1652 1419 1682 z

166 1700 239 1746 Ex
265 1716 362 1762 quo
387 1710 460 1749 ter
483 1701 617 1748 denis
645 1702 810 1748 urbem
835 1701 1147 1749 redeuntibus
1172 1702 1306 1748 annis

164 1769 403 1815 Ascanius
429 1769 542 1815 clari
569 1769 747 1816 condet
774 1769 1070 1832 cognominis
1097 1768 1283 1815 Albam.
1352 1767 1487 1831 [stat‚

166 1835 312 1882 Haud
337 1836 518 1883 incerta
545 1851 680 1882 cano.
751 1837 914 1892 Nunc,
939 1836 1034 1899 qua
1051 1835 1249 1891 ratione,
1277 1836 1490 1899 quodin-

168 1903 408 1963 Expedias
434 1903 605 1958 fictor,
632 1904 818 1966 paucis,
845 1903 1058 1959 adverte,
1085 1903 1288 1949 docebo.
1426 1910 1488 1951 50

168 1970 382 2017 Arcades
409 1970 479 2016 his
503 1970 615 2026 oris,
643 1986 791 2031 genus
817 1987 843 2016 a
864 1970 1076 2017 Pallante
1101 1968 1385 2032 profectum,

169 2035 265 2090 Qui
290 2053 446 2099 regem
470 2036 745 2084 Evandrum
771 2037 990 2094 comites,
1019 2038 1100 2099 qui
1127 2037 1259 2097 signa
1283 2037 1452 2092 secuti,

169 2103 403 2167 Delegere
426 2104 603 2160 locum,
626 2112 674 2150 et
699 2120 901 2165 posuere
927 2104 969 2150 in
996 2105 1236 2150 montibus
1262 2107 1446 2160 urben),

170 2169 391 2216 Pallantis
414 2170 581 2232 proavi
607 2170 664 2217 de
685 2171 890 2229 nomine,
917 2171 1227 2218 Pallanteum.

169 2235 234 2282 Hi
261 2236 434 2283 bellum
455 2237 644 2283 assidue
670 2237 856 2285 ducunt
881 2255 990 2285 cum
1015 2247 1152 2301 gente
1179 2237 1378 2293 Latinam

171 2303 275 2349 Hos
301 2304 464 2350 castris
490 2303 665 2350 adhibe
691 2305 864 2363 socios,
887 2314 935 2352 et
954 2304 1131 2352 foedera
1149 2304 1320 2368 junge.

170 2371 281 2431 lpse
305 2386 394 2432 ego
419 2379 466 2417 te
493 2370 603 2433 ripis
630 2379 679 2417 et
701 2381 836 2418 recto
857 2371 1048 2419 flumine
1073 2372 1267 2428 ducam,

170 2437 438 2484 Adversum
466 2438 601 2484 remis
627 2453 819 2500 superes
840 2439 1097 2486 subvectus
1123 2446 1174 2486 ut
1199 2455 1403 2488 amnem.

171 2504 337 2565 Surge,
361 2521 462 2568 age,
490 2512 599 2551 nate
611 2504 713 2552 Dea
732 2522 743 2560 3
766 2505 1026 2568 primisque
1047 2505 1330 2554 cadentibus
1347 2506 1487 2553 astris
