1586 2704
92 88 189 139 386
421 104 470 137 Ρ.
507 103 755 136 vincum
797 103 1059 137 MArtoms

90 217 217 263 Tum
244 217 364 279 lapis
394 218 494 279 ipse
518 217 620 274 viri,
646 235 852 265 vacuum
877 234 961 281 per
979 218 1114 265 inane
1139 219 1347 277 volutu3‚

91 284 196 330 Nec
222 285 426 346 spatium
451 285 602 331 evasit
623 292 796 340 totum,
815 303 905 332 nec
931 285 1124 347 pertulit
1146 284 1313 332 ictum.

90 351 164 396 Ac
189 353 317 397 velut
339 351 382 396 in
409 352 582 398 somnis
605 353 770 397 oculos
797 352 878 398 ubi
903 351 1122 413 languida
1145 352 1319 415 pressit

90 415 245 463 Nocte
264 417 411 479 quies,
433 419 745 480 nequicquam
766 417 935 464 avidos
949 418 1203 466 extendere
1223 434 1390 465 cursus

89 481 222 529 Velle
241 484 474 540 videmur,
500 492 550 530 et
572 484 616 529 in
642 484 808 530 mediis
833 484 1082 530 conatibus
1116 486 1228 547 aegri
1294 492 1392 542 910

89 549 420 605 Succi(limus;
457 567 547 596 non
568 550 725 610 lingua
745 551 884 606 valet,
910 553 1003 596 no'n
1029 568 1225 613 corpore
1251 561 1376 597 notae

89 615 339 663 Sufficiunt
366 617 499 673 vires,
527 633 613 662 nec
641 633 727 662 vox
747 633 838 663 nec
863 617 1008 663 verba
1033 626 1317 679 sequuntur:

88 681 169 728 Sic
192 684 373 738 Turno,
399 684 684 744 quacunque
706 683 823 729 viam
843 683 1015 729 virtute
1040 685 1227 745 petivit,

86 748 369 795 Successum
395 751 496 795 Dea
524 750 640 796 Dira
661 757 819 810 negat.
863 750 987 795 Tum
1009 761 1202 812 pectore
1227 767 1390 798 sensus

84 815 343 862 vertuntur
368 817 499 863 varii.
570 816 770 862 Rutulos
796 825 1012 878 aspectat
1037 826 1083 863 et
1109 818 1292 874 urbem,

85 881 447 944 Cunctaturque
469 890 609 940 metu,
636 884 878 945 telumque
903 883 1074 931 instare
1099 884 1357 931 tremiscit:

84 947 188 995 Nec
213 950 309 1010 quo
335 967 382 996 se
408 950 591 1013 eripiat,
624 966 712 997 nec
741 951 834 1012 qust
858 949 905 994 vi
930 950 1097 997 tendat
1119 951 1163 997 in
1186 951 1390 1008 hostem,

84 1012 189 1061 Nec
212 1033 378 1063 currus
404 1033 600 1079 usquam
627 1016 771 1073 videt,
798 1016 1108 1079 aurigamque
1133 1034 1360 1064 sororem.

152 1083 409 1130 Cunctanti
434 1085 580 1131 telum
606 1085 775 1130 AEneas
795 1083 936 1130 fatale
954 1093 1194 1140 coruscat,

85 1148 288 1196 Sortitus
313 1150 547 1197 fortunam
576 1151 758 1207 oculis;
797 1158 846 1197 et
870 1166 1070 1212 corpore
1095 1161 1198 1198 toto
1294 1158 1390 1208 920

83 1216 280 1262 Eminus
304 1216 561 1280 intorquet.
634 1218 810 1264 Murali
835 1218 1025 1267 concita
1049 1234 1292 1281 nunquam

83 1282 348 1330 Tormento
369 1285 437 1330 sic
461 1301 573 1331 saxa
599 1283 822 1341 fremunt,
851 1300 939 1331 nec
964 1283 1159 1331 fulmine
1186 1285 1306 1331 tanti

83 1348 353 1397 Dissultant
376 1351 602 1414 crepitus.
670 1352 813 1398 Volat
837 1351 925 1397 atri
950 1351 1150 1397 turbinis
1175 1350 1326 1400 instar

83 1417 291 1463 Exitium
317 1418 468 1464 dirum
496 1419 626 1465 hasta
649 1417 803 1465 ferens
825 1436 836 1474 ;
876 1434 1078 1480 orasque
1104 1418 1307 1465 recludit

82 1484 285 1542 Loricae,
312 1494 359 1531 et
384 1485 539 1547 clypei
564 1493 801 1532 extremos
829 1485 1154 1547 septemplicis
1181 1485 1343 1543 orbes;

85 1552 176 1597 Per
199 1551 405 1597 medium
427 1552 627 1598 stridens
651 1552 819 1598 transit
841 1551 1010 1598 femur.
1068 1551 1250 1598 Incidit
1273 1553 1395 1601 ictus

83 1617 253 1679 Ingens
279 1617 339 1663 ad
361 1626 535 1664 terram
561 1618 812 1679 duplicato
837 1620 1019 1680 poplite
1040 1619 1252 1666 Turnus,

87 1685 392 1745 Consurgunt
418 1684 597 1748 gemitu
624 1684 805 1740 Rutuli,
830 1693 1057 1748 totusque
1084 1686 1285 1747 remugit

85 1752 230 1798 Mons
246 1751 445 1808 circum,
463 1760 511 1798 et
521 1767 687 1798 vocem
702 1749 798 1799 late
819 1768 1011 1798 nemora
1023 1752 1118 1799 alta
1133 1753 1394 1800 remittunt.

83 1817 189 1875 Ille,
217 1818 403 1864 humilis
424 1818 744 1882 supplexque,
771 1819 939 1865 oculos
961 1819 1267 1881 dextramque
1295 1838 1396 1882 pre-

218 1893 407 1932 cantem
1297 1893 1394 1944 930

58 1990 62 1992 .
89 1949 412 1999 Protendens:
452 1951 691 2013 Equidem
731 1951 904 2011 merui,
935 1969 1023 1999 nec
1059 1953 1308 2014 deprecor,
1330 1955 1396 1999 in·

88 2016 230 2065 Utere
258 2028 384 2065 sorte
410 2020 510 2065 tua,
583 2019 749 2066 Miseri
774 2028 818 2065 te
845 2020 991 2081 siqua
1018 2020 1221 2082 parentis
1246 2022 1394 2083 [quitx

85 2084 303 2143 Tangere
330 2102 443 2132 eura
468 2093 640 2147 potest,
668 2102 751 2132 oro
775 2085 883 2146 (fuit
907 2095 954 2133 et
984 2087 1068 2133 tibi
1094 2087 1196 2133 talis

86 2152 322 2198 Anchises
348 2153 549 2214 genitor>
575 2153 733 2200 Dauni
759 2152 970 2200 miserere
998 2163 1228 2208 seiiectae3

86 2218 148 2264 Et
173 2235 261 2275 me,
288 2236 370 2265 seu
391 2234 567 2281 corpus
595 2220 853 2282 spoliatum
875 2219 1052 2267 lumine
1080 2221 1241 2275 mavis,

86 2284 253 2331 Redde
281 2287 409 2332 meis,
485 2287 666 2344 vicisti,
687 2296 736 2334 et
760 2287 936 2333 victum
960 2287 1152 2334 tendere
1174 2289 1359 2349 palmas

85 2352 287 2398 Ausonii
314 2352 501 2400 videre:
541 2361 619 2400 tua
647 2363 715 2400 est
747 2353 942 2400 Lavinia
968 2354 1164 2415 conjux.

86 2418 299 2466 Ulterius
324 2436 381 2466 ne
407 2419 547 2466 tende
572 2420 710 2467 odiis.
781 2421 925 2468 Stetit
949 2437 1060 2468 acer
1084 2421 1130 2466 in
1155 2422 1295 2468 armis

83 2486 270 2543 AEneas,
299 2486 490 2533 volvens
513 2488 697 2543 oculos,
722 2485 1032 2549 dextramque
1059 2489 1297 2549 repressit.

85 2552 258 2615 Etjam
277 2554 477 2617 jamque
498 2551 646 2616 magis
671 2563 979 2607 cunctantem
1007 2554 1198 2603 flectere
1224 2571 1379 2603 sermo
