1607 2700
139 113 234 155 224
497 120 544 152 P.
587 119 837 154 VIRGlLII
879 121 1142 155 MARONIS

135 240 209 283 An
237 237 418 284 monitu
445 238 661 286 Divum?
697 257 753 286 an
781 256 887 302 quae
909 235 954 287 te
981 240 1173 287 fortuna
1194 239 1379 297 fatigat,

135 305 198 351 Ut
223 304 379 351 tristes
403 306 503 352 sine
517 307 615 353 sole
642 306 830 362 domos,
853 308 959 353 loca
985 307 1194 362 turbida,
1233 306 1428 352 adires?

197 371 303 417 Hac
330 371 428 418 vice
453 389 722 420 sermonum
749 373 890 419 roseis
918 376 1102 419 Aurora
1127 372 1368 435 quadrigis

129 437 235 484 Jam
263 438 472 484 medium
499 440 704 485 aethereo
726 456 871 485 cursu
899 439 1152 500 trajecerat
1176 455 1327 493 axem,

129 504 190 549 Et
214 503 313 550 fors
338 521 478 551 omne
504 505 669 551 datum
697 506 938 552 traherent
961 522 1047 567 per
1071 507 1179 552 talia
1204 513 1410 565 tempus.

129 569 219 615 Sed
239 587 399 617 comes
416 571 668 618 admonuit
686 571 988 631 breviterque
1007 572 1150 619 affata
1164 572 1345 635 Sibylla
1361 578 1458 618 est:

126 635 236 682 Nox
262 638 372 693 ruit,
411 639 579 691 AEnea;
613 654 701 683 nos
727 636 887 684 flendo
911 637 1131 684 ducimus
1158 639 1312 685 horas.

127 702 221 749 Hic
246 703 380 750 locus
408 713 496 759 est,
516 712 676 766 partes
693 704 773 750 ubi
787 720 834 749 se
846 705 916 749 via
933 702 1129 750 finditin
1143 705 1325 751 ambas.
1365 710 1460 752 540

126 769 350 825 Dextera,
390 786 498 830 quae
525 771 653 816 Ditis
674 771 831 832 magni
856 770 947 817 sub
975 770 1146 817 moenia
1170 771 1357 826 tendit;

125 835 232 882 Hac
258 836 347 882 iter
372 837 582 898 Elysium
611 837 779 882 nobis:
817 846 867 884 at
886 837 1006 882 laeva
1030 837 1260 883 malorum

124 900 330 949 Exercet
350 919 533 964 poenas,
572 912 620 949 et
644 904 703 949 ad
731 903 880 965 impia
903 905 1103 950 Tartara
1130 904 1293 950 mittit.

123 966 419 1030 Deiphobus
435 968 604 1016 contra
625 987 635 1016 :
675 971 748 1016 Ne
775 971 906 1025 saevi,
936 986 1106 1029 magua
1131 970 1389 1026 saeertlos;

123 1034 403 1092 Discedam,
420 1038 627 1098 explebo
655 1053 917 1091 numerum,
935 1037 1208 1099 reddarque
1229 1035 1459 1083 tenebris.

124 1100 143 1145 I
170 1100 333 1159 decus,
373 1103 404 1159 i,
443 1113 656 1149 nostrum
686 1121 697 1158 ;
736 1105 1011 1149 melioribus
1038 1112 1171 1150 utere
1196 1103 1325 1150 fatis.

122 1168 333 1215 Tantum
352 1170 538 1226 effatus,
576 1180 624 1217 et
648 1171 693 1216 iu
715 1171 862 1216 verbo
883 1170 1079 1232 vestigia
1105 1171 1260 1217 torsit.

187 1235 406 1298 Respicit
427 1237 596 1283 AEneas
617 1236 810 1291 subitog
849 1245 896 1283 et
921 1237 1011 1283 sub
1036 1253 1152 1298 rupe
1179 1235 1370 1282 sinistra

122 1302 304 1349 Moenia
328 1303 424 1349 lata
450 1303 596 1359 videt,
624 1303 800 1364 triplici
824 1303 1124 1349 circumdata
1150 1320 1285 1349 muro
1307 1319 1318 1349 :

122 1368 246 1422 Quae
273 1370 470 1432 rapidus
489 1369 688 1415 ssannnis
714 1371 866 1416 ambit
887 1370 1175 1416 torrentibus
1193 1369 1344 1415 amnis
1365 1374 1461 1417 550

120 1434 378 1483 'I'artareus
403 1437 719 1498 Phlegethon,
746 1446 1030 1499 torquetque
1056 1437 1275 1483 sonantia
1299 1451 1429 1482 saxa.

120 1501 266 1549 Porta
282 1503 500 1559 adversa,
523 1503 702 1564 ingens,
722 1503 969 1565 solidoque
995 1504 1254 1550 adamante
1280 1502 1461 1549 colum-

121 1568 205 1614 Vis
233 1570 433 1616 utnulla
458 1570 629 1626 virum,
653 1586 748 1616 non
774 1570 866 1632 ipsi
884 1570 1162 1617 exscindere
1188 1569 1312 1616 ferro
1339 1570 1459 1631 [nae;

126 1635 372 1681 Coelieolae
400 1637 617 1681 valeant:
658 1645 750 1682 stat
773 1637 923 1682 ferrea
948 1637 1089 1682 turris
1116 1636 1175 1682 ad
1203 1653 1344 1682 auras
1367 1653 1378 1681 ε

121 1702 486 1764 Tisiphoneque
513 1702 699 1758 sedenS,
722 1704 847 1766 palla
870 1703 1118 1749 succincta
1142 1704 1358 1758 eruent-21,

121 1769 420 1815 Vestibulum
447 1770 687 1815 exsomnis
709 1777 862 1815 servat
886 1779 1148 1831 noctesque
1173 1770 1391 1831 diesque.

123 1835 252 1880 Hine
278 1836 494 1882 exaudiri
521 1835 745 1895 gemitus,
784 1845 827 1881 et
856 1852 983 1882 saeva
1009 1852 1174 1882 sonare

122 1902 332 1948 Verbera
360 1919 370 1948 :
410 1911 510 1949 tum
538 1903 711 1948 stridor
736 1902 859 1958 ferri,
898 1910 1165 1964 tractaeque
1192 1909 1388 1948 catenae.

125 1969 357 2014 Constitit
382 1970 570 2025 AEneas,
592 1969 938 2032 strepitumque
964 1969 1214 2015 exterritus
1241 1969 1426 2014 hausit:

89 2085 97 2098 ἱ
125 2036 248 2089 Quae
274 2036 507 2081 scelerum
528 2035 689 2090 facies,
713 2053 740 2080 o
763 2035 910 2096 virg0,
931 2035 1089 2091 effare,
1111 2035 1344 2097 quibusve
1367 2033 1462 2082 560

96 2099 101 2102 ’
126 2102 367 2158 Urgentur
391 2096 585 2164 poenis?
624 2102 729 2162 quis
754 2112 909 2148 tantus
929 2103 1125 2164 plangor
1150 2102 1207 2147 ad
1235 2117 1370 2147 auras
1391 2102 1412 2146 ’.Ῐ

191 2168 313 2213 Tum
344 2177 471 2215 vates
485 2169 548 2214 sic
564 2185 672 2214 orsa
691 2169 850 2230 loqui:
874 2170 984 2215 Dux
1001 2169 1180 2229 inclyte
1198 2168 1460 2222 Teucrum,

125 2234 262 2280 Nulli
287 2234 358 2280 fas
385 2245 518 2281 casto
541 2235 824 2282 sceleratum
847 2236 1061 2282 insistere
1086 2234 1228 2280 limen
1250 2252 1261 2289 ;

128 2300 222 2346 Sed
251 2318 338 2356 me,
367 2301 476 2347 cum
500 2301 618 2347 lucis
645 2303 830 2349 Hecate
857 2302 1074 2365 praefecit
1099 2302 1314 2357 Avernis,

128 2367 242 2429 Ipsa
259 2367 416 2414 Deum
443 2384 604 2430 poenas
629 2367 811 2425 docuit,
851 2385 1027 2430 perque
1048 2369 1205 2414 omnia
1231 2368 1385 2414 duxit.

132 2434 347 2480 Gnosius
396 2435 500 2481 haec
518 2434 911 2482 Rhadamanthus
931 2435 1076 2481 habet
1096 2434 1347 2482 durissima
1364 2450 1463 2497 rog-

133 2502 458 2564 Castigatque‚
481 2501 713 2565 auditque
735 2502 891 2560 dolos,
913 2502 1184 2565 subigitque
1206 2501 1340 2549 fateri
1365 2503 1455 2563 [nan
