1614 2694
492 134 800 169 BUCOLICA.
844 135 960 170 ECL.
1005 136 1131 170 VIII.
1406 127 1464 169 25

160 233 490 288 ΑυὶΤιητιτυε,
511 236 596 276 aut
612 229 866 292 Rhodope,
887 236 971 275 aut
991 229 1189 277 extremi
1205 230 1468 276 Garaman-

289 305 375 352 tes,

157 365 258 411 Nec
285 362 470 426 generis
496 363 643 409 nostri
669 378 887 424 puerum,
927 378 1014 408 nec
1036 363 1275 424 sanguinis
1303 362 1466 410 edunt.

156 429 317 491 Incipe
345 430 595 476 Maenalios
622 446 826 485 mecum,
855 445 958 475 mea
978 429 1110 484 tibia,
1134 446 1313 477 versus.

156 498 323 543 Saevus
349 512 482 542 amor
506 496 677 542 docuit
701 502 918 542 natorum
944 496 1174 558 sauguine
1200 506 1402 543 matrem

155 564 519 609 Commaculare
535 579 718 608 manus,
748 562 967 609 Crudelis
988 571 1036 608 tu
1055 579 1265 624 quoqne,
1293 573 1467 613 mater:

154 628 375 676 Crudelis
401 638 553 676 mater
579 629 746 690 inagis,
773 644 832 674 an
859 645 974 690 puer
999 629 1248 691 improbus
1275 630 1387 676 ille?

151 695 410 756 Improbus
429 696 505 741 ilie
526 712 663 757 puer,
688 696 894 742 crudelis
912 706 962 740 tu
981 712 1187 758 quoque,
1217 705 1381 742 muter.
1410 704 1470 744 50

152 762 317 824 Incipe
345 763 599 809 Maenalios
627 778 831 818 mecum,
860 779 963 808 mea
989 762 1121 818 tibia,
1150 779 1328 809 versus.

153 829 295 875 Nunc
321 836 370 876 et
395 845 507 875 oves
535 831 658 876 ultro
679 828 835 891 fugiat
856 830 1011 890 lupus,
1036 845 1179 875 aurea
1205 829 1338 876 durae

153 895 286 942 Mala
309 895 461 942 ferant
489 912 712 958 quercuS,
742 897 952 942 narcisso
979 895 1147 942 floreat
1167 896 1317 953 alnus,

154 960 352 1025 Pinguia
373 963 637 1010 corticibus
665 963 839 1009 sudent
860 964 1040 1009 electia
1058 963 1270 1024 myricae.

153 1028 343 1076 Certent
363 1038 411 1076 et
436 1030 601 1092 cycnis
629 1030 802 1076 nlulae:
842 1030 901 1075 sit
927 1031 1040 1075 rm
1048 1046 1125 1075 rus
1147 1023 1403 1093 Orpheus:

152 1094 378 1158 Orpheus
398 1096 443 1142 in
472 1096 630 1151 silvis;
670 1096 793 1143 inter
818 1083 1086 1158 Delphifias
1113 1097 1280 1148 Arion

151 1162 312 1224 Incipe
339 1163 591 1209 Maenalios
617 1179 821 1219 mecum,
849 1180 952 1210 mea
977 1164 1110 1219 tibia,
1138 1181 1315 1213 versus.

151 1229 328 1276 Omnia
352 1230 427 1276 vel
448 1230 656 1276 medium
677 1229 793 1277 fiant
820 1247 946 1277 mare
968 1247 979 1277 :
1019 1232 1161 1279 vivite
1182 1231 1333 1281 siivae.

151 1295 372 1358 I’raeceps
398 1297 512 1343 aerii
539 1298 736 1358 specula
760 1297 819 1343 de
846 1298 1020 1344 montis
1046 1297 1090 1343 in
1120 1299 1270 1345 undas

151 1361 378 1409 Deferar:
415 1372 678 1409 extremum
699 1365 792 1409 hoc
820 1381 991 1410 munus
1013 1365 1255 1411 morientis
1274 1366 1468 1414 habeto.

150 1428 327 1476 Desine
349 1430 618 1485 Maenalios,
639 1430 738 1491 jan]
761 1429 943 1485 desine,
972 1431 1314 1486 tibia,ve1sus.
1407 1431 1461 1481 6]

205 1497 322 1542 Haec
339 1497 550 1542 Damon:
574 1512 654 1542 vos
661 1513 787 1558 ,quae
803 1513 992 1569 respon
981 1498 1468 1559 ierstfflpiwsffioeus,

150 1561 329 1618 Dicite,
356 1563 585 1609 Pierides:
626 1579 717 1608 non
745 1564 908 1609 omnia
934 1580 1194 1624 possumus
1221 1582 1402 1613 omnes.

154 1628 635 1686 ALP.Lt³ter<1quu
652 1626 1126 1683 ettixollicinffehaec
1145 1629 1284 1672 altar:
1291 1634 1472 1676 ηνιῐῑὶει

159 1693 499 1754 Verbenasque
525 1691 664 1738 adole
691 1693 909 1754 pingues,
935 1701 983 1738 et
1009 1691 1220 1739 mascula
1253 1692 1410 1749 thura,

156 1760 386 1822 Conjugis
417 1767 468 1806 ut
495 1758 690 1821 magicis
721 1774 858 1803 sanos
884 1767 1099 1804 avertere
1127 1757 1278 1805 sacris

154 1827 388 1888 Experiar
411 1842 591 1873 sensus,
666 1825 800 1871 Nihil
827 1824 907 1871 hic
934 1825 1020 1870 nisi
1046 1825 1255 1871 carmina
1284 1823 1476 1871 desunt.

154 1894 334 1941 Ducite
376 1893 440 1939 ab
466 1892 584 1938 urbe
616 1891 833 1949 domurn,
889 1908 994 1938 mea
1030 1891 1257 1947 carmina,
1310 1891 1475 1939 ducite

291 1959 556 2022 Daphnim.

155 2026 380 2073 Carmina
403 2025 477 2072 vel
503 2024 624 2072 coelo
650 2034 858 2088 possunt
883 2025 1122 2072 deducere
1143 2024 1356 2073 Lunam:

155 2093 459 2139 Carminibus
484 2092 622 2138 Circe
647 2092 806 2138 socios
832 2093 1032 2139 mutavit
1061 2091 1219 2139 Ulixi:
1415 2098 1479 2147 70

156 2160 374 2221 Frigidus
395 2159 441 2205 in
461 2158 610 2222 pratis
636 2160 882 2206 cantando
909 2159 1149 2221 rumpitur
1172 2158 1358 2221 anguis,

158 2223 331 2272 Ducite
374 2225 438 2272 ab
478 2225 598 2272 urbe
636 2225 854 2283 domum,
899 2241 1002 2272 mea
1042 2225 1273 2282 carmina,
1313 2224 1481 2272 ducite

291 2291 550 2350 Daphnim.

155 2357 318 2405 ‘Perna
341 2359 430 2406 tibi
455 2359 563 2406 haec
582 2359 787 2420 primum
817 2358 994 2421 triplici
1011 2358 1197 2405 diversa
1222 2357 1381 2405 colore

156 2423 287 2472 Licia
307 2425 577 2481 circumdo,
603 2434 771 2487 terque
799 2426 898 2473 haec
920 2427 1089 2473 altaria
1112 2424 1291 2473 circum

160 2488 370 2552 Effigiem
394 2491 540 2539 duco·
611 2493 827 2540 Numero
853 2494 986 2541 Deus
1009 2494 1191 2554 impare
1216 2491 1410 2554 gaudet.

1307 2562 1347 2604 A
1385 2566 1413 2605 3
