1580 2686
469 56 475 69 ³
535 87 846 123 essoRGmA.
887 89 996 123 mn.
1037 90 1101 123 11.
1413 83 1475 124 55

168 186 280 232 AEre
302 181 535 231 renidenti
559 183 718 236 telluS‚
745 180 950 227 necdum
978 180 1172 227 horrida
1196 180 1393 228 miscent

168 249 351 305 Praelia,
378 248 465 296 sed
491 248 669 295 dubius
694 246 1022 294 mediis'Mars
1050 256 1173 294 errat
1198 248 1244 293 in
1278 249 1445 296 armisffl

168 317 343 364 Omnia
363 316 459 362 sint
483 315 680 377 paribus
704 312 911 360 numeris
936 313 1152 359 dimensa
1176 314 1375 370 viarum,

167 383 277 428 Non
292 382 496 428 animum
512 380 657 427 modo
673 381 741 427 uti
760 387 930 441 pascat
950 388 1238 440 prospectus
1257 381 1442 428 inanem
1459 399 1472 437 ;

165 448 260 494 Sed
282 448 395 510 quia
417 463 511 494 non
537 447 674 494 aliter
699 447 818 493 vires
841 445 977 492 dabit
995 446 1219 492 omnibus
1246 463 1411 508 aequas

163 515 332 570 Terra,
359 531 513 576 neque
538 514 586 560 in
623 530 824 561 vacuum
865 520 1093 574 poterunt
1137 529 1186 558 se
1217 515 1472 562 extendere

293 597 432 628 rann.

229 649 447 694 Forsitan
466 655 514 694 et
532 646 778 694 scrobibus
805 661 914 707 quae
941 644 1030 691 sint
1047 644 1239 706 fastigia
1265 662 1472 707 quaeras.

162 714 337 760 Ausim
366 714 438 760 vel
465 714 595 761 tenui
614 714 759 760 vitem
787 712 1086 759 committere
1112 713 1262 759 sulco.

163 781 326 828 Altius
349 798 404 827 ‘dc
432 781 619 843 penitus
646 788 782 826 terrae
807 779 1031 839 defigitur
1056 780 1198 824 arbos
1226 795 1237 832 ;
1378 788 1474 836 290

159 847 379 894 AEscqus
403 848 448 893 in
474 848 657 910 primis,
687 863 793 908 quae
819 848 1050 908 quantum
1073 845 1249 891 vertice
1265 846 1472 894 adauras

159 915 411 971 AEtherias,
438 914 620 960 tautum
648 913 811 960 radice
836 914 882 958 in
906 912 1109 957 Tartara
1135 912 1302 958 tendit.

159 980 285 1042 Ergo
311 997 403 1026 non
429 981 623 1042 hyemes
647 979 793 1035 illam,
817 995 911 1024 non
933 976 1100 1034 flabra,
1119 995 1276 1040 neque
1294 980 1473 1027 imbres

157 1047 472 1101 Convellunt;
500 1047 695 1092 immota
714 1053 887 1101 manet,
907 1046 1181 1107 multosque
1197 1062 1283 1106 per
1301 1063 1469 1103 annos,

158 1114 319 1160 Multa
346 1113 497 1161 virum
520 1113 715 1159 volvens
739 1111 960 1159 durando
977 1114 1155 1158 saecula
1173 1111 1339 1158 vincit.

157 1179 285 1227 Tum
305 1179 454 1227 fortes
479 1180 572 1226 late
599 1196 754 1225 ramos
780 1187 824 1225 et
852 1178 1051 1225 brachia
1077 1177 1276 1226 tendens

157 1246 270 1293 Huc
297 1246 591 1302 illuc,media
610 1248 713 1308 ipsa
739 1248 977 1308 ingentem
1005 1245 1206 1292 sustinet
1234 1246 1471 1294 umbram.

222 1314 354 1360 Neve
379 1314 468 1360 tibi
491 1313 552 1359 ad
597 1313 752 1360 Solem
780 1320 975 1372 vergant
1000 1312 1157 1358 vineta
1183 1312 1435 1359 cadentem
1457 1330 1474 1370 ;

157 1379 291 1427 Neve
317 1379 441 1426 inter
465 1380 584 1426 vites
611 1380 826 1441 corylum
858 1394 982 1424 sere:
1012 1395 1128 1424 neve
1155 1377 1343 1440 flagella

157 1447 357 1494 Summa
393 1454 523 1509 pete,
569 1452 654 1492 aut
699 1461 905 1491 summas
947 1444 1160 1507 defringe
1200 1463 1257 1492 ex
1299 1445 1473 1493 arbore

289 1514 483 1576 plantas
505 1528 516 1559 ε
1375 1521 1472 1561 300

156 1580 362 1638 (Tantus
387 1595 521 1625 amor
544 1580 699 1638 terrae)
723 1595 815 1624 neu
841 1577 965 1624 ferro
984 1577 1107 1625 laede
1127 1586 1290 1626 retuso

156 1645 373 1701 881ῃίι111;
401 1663 516 1693 neve
539 1646 659 1692 oleae
686 1644 961 1692 silvestres
952 1661 1102 1692 msere
1124 1654 1334 1694 truncos.

155 1713 280 1759 Nam
306 1729 432 1775 saepe
457 1713 659 1759 incautis
684 1712 953 1774 pastoribus
980 1713 1314 1776 exciditignis,

159 1779 257 1834 Qui
279 1780 440 1826 furtim
467 1779 630 1842 pingui
654 1778 861 1841 primum
888 1779 976 1824 sub
1002 1779 1183 1826 cortice
1203 1789 1361 1828 tectus

157 1845 354 1893 Robora
373 1845 691 1908 comprendit,
715 1844 1006 1906 frondesque
1034 1846 1256 1908 elapsus
1246 1864 1291 1894 m
1317 1849 1437 1896 altas

156 1913 405 1976 Ingentem
433 1913 558 1959 coelo
584 1912 788 1959 sonitum
809 1911 977 1967 dedit;
1016 1912 1127 1960 inde
1154 1922 1349 1962 secutus

154 1979 245 2028 Per
269 1996 424 2026 ramos
441 1979 610 2036 victor,
639 1995 819 2042 perque
844 1980 939 2025 alta
964 1981 1217 2027 cacumina
1232 1990 1413 2044 regnat,

158 2047 221 2093 Et
245 2054 399 2093 totum
423 2045 623 2093 involvit
646 2044 850 2093 flammis
887 2062 1067 2103 nemuS,
1093 2055 1139 2092 et
1165 2047 1260 2094 ruit
1282 2056 1437 2096 atram

156 2112 235 2160 Ad
261 2113 437 2160 coelum
462 2112 599 2174 picea
622 2128 809 2159 crassus
833 2113 1032 2174 caligine
1058 2114 1234 2160 nubem
1257 2131 1270 2162 :

156 2179 424 2227 Praesertim
449 2180 486 2226 si
504 2187 762 2243 tempestas
787 2195 815 2226 a
839 2180 1018 2227 vertice
1041 2180 1169 2226 silvis
1372 2188 1470 2232 310

157 2246 400 2304 Incubuit,
422 2246 752 2309 glomeratque
775 2247 929 2292 ferens
956 2246 1178 2293 incendia
1197 2254 1385 2295 ventus.

160 2313 268 2360 Hoc
296 2313 407 2369 ubi;
444 2329 538 2360 non
556 2329 583 2360 a
609 2313 756 2375 stirpe
781 2314 957 2369 valent,
985 2330 1219 2377 caesaeque
1246 2316 1415 2362 reverti

158 2377 384 2437 Possunt,
409 2389 555 2443 atque
575 2379 668 2426 111ιέ1
694 2380 868 2426 similes
895 2380 1175 2428 revirescere
1201 2382 1321 2428 terrai
1345 2397 1357 2428 :

161 2443 330 2492 infelix
357 2455 551 2510 superat
575 2446 699 2494 soliis
724 2447 927 2494 oleaster
950 2448 1137 2495 amaris.
1258 2448 1470 2510 [aneton

228 2512 331 2559 Nec
379 2512 466 2560 tibi
503 2521 600 2560 tam
647 2513 859 2577 prudens
899 2514 1146 2577 quisqu-<mi
1185 2517 1467 2577 persuadeat
