1607 2700
181 72 263 110 276
514 75 560 107 Ρ.
603 73 854 106 VIRG1L11
895 71 1159 106 MARONIS

178 196 391 244 Abstulit
406 197 505 241 liaec
524 195 700 240 animas
718 194 902 250 dextra,
919 201 965 239 et
977 192 1175 240 totidem
1194 195 1323 241 exuit
1339 195 1494 243 armis.

176 264 285 311 Non
312 279 400 323 ego
426 277 552 309 nunc
577 262 703 307 dulci
732 261 956 323 amplexu
993 260 1239 306 divellerer
1274 278 1494 323 usquam,

175 331 319 384 Nate,
346 337 459 382 tuo;
497 345 654 390 neque
680 326 910 373 finitimus
938 327 1208 373 Mezentius
1238 344 1457 389 usquam,

176 396 305 442 Huic
327 395 474 458 capiti
500 395 747 449 insultans,
775 403 843 440 tot
863 393 987 438 ferro
1014 409 1138 439 saeva
1164 393 1376 440 dedisset
1402 400 1496 447 570

177 463 377 518 Funera,
405 472 501 510 tam
520 460 679 509 multis
707 460 947 507 viduasset
971 458 1151 505 civibus
1179 460 1362 507 urbem.

175 531 243 575 At
271 546 367 586 VOS,
389 547 417 575 o
443 529 620 591 superi,
648 535 695 574 et
720 525 896 572 Divum
924 533 975 571 tu
999 527 1201 572 maxime
1224 535 1395 583 rector,

174 596 379 658 Jupiter,
409 595 604 642 Arcadii
630 609 795 655 quaeso
822 592 1107 638 miserescite
1132 593 1273 654 regis,

175 662 236 708 Et
261 663 438 725 patrias
465 661 624 707 audite
649 676 829 721 preces·
902 658 951 705 Si
972 658 1168 704 numina
1188 670 1344 706 vestra

175 729 474 776 Incolumem
500 728 722 774 Pallanta
747 725 874 781 mihi,
897 726 933 771 si
959 726 1056 773 fata
1093 735 1363 780 reservant3

177 795 227 841 Si
253 796 434 841 visurus
460 810 567 840 eum
597 795 717 850 vim,
745 801 792 839 et
817 802 1043 839 venturus
1067 791 1113 837 iu
1142 807 1286 838 unum
1309 808 1320 845 ;

175 862 334 907 Vitam
360 878 444 907 oro
466 876 476 906 ε
514 861 670 923 patiar
696 860 911 922 quemvis
937 860 1107 906 durare
1134 859 1364 904 laborem.

177 927 256 974 Sin
283 928 490 990 aliquem
515 927 762 974 infandum
790 943 969 983 casum,
999 927 1223 981 Fortuna,
1251 924 1474 977 minaris:

175 995 321 1041 Nunc
346 1012 390 1050 o,
417 1011 546 1040 nunc
578 994 722 1040 lleeat
747 994 991 1041 crudelem
1023 994 1308 1055 abrumpere
1334 992 1494 1045 vitam,

177 1062 306 1108 Dum
323 1078 452 1108 curae
469 1061 721 1122 ambiguae,
744 1062 858 1107 dum
881 1076 986 1122 spes
1008 1060 1189 1106 incerta
1206 1057 1380 1114 futuri3
1402 1062 1496 1103 580

177 1128 307 1174 Dum
334 1137 395 1184 te,
423 1144 529 1175 care
555 1145 688 1191 puer,
717 1144 822 1175 mea
843 1143 945 1174 sera
970 1136 1016 1173 et
1042 1127 1140 1173 sola
1166 1126 1407 1188 voluptas,

177 1195 445 1258 Complexu
469 1202 607 1242 teneo
634 1213 646 1250 ;
685 1195 870 1257 gravior
893 1211 951 1241 ne
972 1194 1164 1240 nuntius
1192 1209 1323 1239 aures

177 1262 421 1308 Vulneret.
493 1263 614 1308 Haec
653 1262 836 1323 genitor
870 1261 1079 1322 digressu
1116 1260 1249 1306 (licta
1274 1273 1495 1320 supremo

179 1327 462 1375 Fundebat:
501 1328 666 1375 famuli
693 1329 957 1391 collapsum
985 1328 1029 1373 in
1057 1335 1186 1373 tecta
1206 1326 1439 1373 ferebant.

242 1396 445 1457 Jamque
469 1396 588 1442 adeo
627 1396 803 1443 exierat
845 1395 989 1456 portis
1031 1393 1270 1456 equitatus
1290 1390 1495 1453 apertis:

177 1462 344 1508 AEneas
368 1462 488 1509 inter
510 1461 692 1523 primos
717 1472 765 1509 et
791 1462 918 1508 fidus
938 1461 1177 1514 Achates;

177 1526 297 1573 Inde
316 1529 392 1574 alii
414 1531 572 1589 Trojae
597 1548 847 1594 proceres:
876 1531 979 1594 ipse
1000 1531 1186 1594 agmine
1212 1530 1365 1576 Pallas

177 1593 232 1638 In
251 1595 422 1651 medio,
442 1597 696 1659 chlamyde
717 1607 764 1644 et
788 1599 931 1659 pictis
950 1608 1240 1660 conspectus
1257 1599 1302 1643 in
1328 1596 1491 1643 armis:

179 1660 344 1714 Qualis
374 1663 454 1709 ubi
480 1664 660 1710 Oceani
686 1666 907 1726 perfusus
935 1665 1126 1711 Lucifer
1151 1665 1297 1715 und-21„

176 1727 333 1780 Quem
360 1731 518 1776 Venus
539 1740 646 1777 ante
673 1732 790 1777 alios
803 1739 1038 1778 astrorum
1058 1731 1214 1793 diligit
1229 1730 1373 1790 ignes,
1403 1736 1497 1784 5530

184 1795 369 1841 Extulit
393 1810 443 1839 os
470 1810 658 1840 sacrum
688 1796 826 1851 coelo,
855 1795 1168 1856 tenebrasque
1193 1795 1401 1841 resolvit.

185 1863 326 1908 Stant
347 1860 533 1923 pavidae
549 1861 592 1905 in
609 1862 747 1907 muris
764 1868 949 1916 matres,
967 1861 1215 1924 oculisque
1229 1871 1494 1923 sequuntur

185 1929 462 1974 Pulveream
489 1928 679 1983 nubem,
707 1935 751 1973 et
778 1927 1012 1988 fulgentes
1032 1944 1124 1974 aere
1150 1936 1381 1976 catervas.

185 1993 287 2040 Olli
311 2010 395 2056 per
420 1994 604 2050 dumOS,
627 1993 719 2056 qua
743 1995 960 2056 proxima
987 2004 1112 2041 meta
1138 1995 1331 2050 viarum,

185 2062 369 2108 Armati
394 2061 617 2108 tendunt.
687 2060 731 2107 It
757 2061 955 2116 clamor,
983 2069 1030 2107 et
1055 2060 1241 2124 agmine
1265 2059 1393 2108 facto

186 2127 596 2190 Quadrupedante
614 2135 801 2189 putrem
825 2128 981 2174 sonitu
1002 2128 1152 2190 quatit
1169 2127 1340 2189 ungula
1361 2145 1493 2175 cam-

317 2210 449 2254 pum.

250 2260 335 2306 Est
351 2261 511 2322 ingens
529 2259 735 2322 gelidum
758 2261 892 2308 lucus
910 2277 1060 2326 prope
1079 2260 1270 2308 Caeritis
1283 2277 1487 2319 amnem,

185 2325 428 2387 Religione
451 2335 638 2388 patrum
669 2328 759 2374 late
785 2344 948 2383 sacer;
985 2328 1196 2389 undique
1217 2328 1359 2375 colles

186 2392 425 2440 Inclusere
450 2393 570 2449 cavi,
597 2403 642 2440 et
663 2395 794 2457 nigra
821 2412 988 2443 nemus
1013 2395 1168 2441 abiete
1194 2394 1358 2457 cingit.

188 2459 383 2507 Silvano
407 2461 534 2508 fama
560 2469 631 2506 est
656 2469 837 2509 veteres
864 2461 1081 2509 sacrasse
1106 2462 1352 2524 PelasgoS‚
1394 2460 1490 2509 600

192 2530 422 2574 Arvorum
450 2527 735 2592 pecorisque
761 2530 883 2586 Deo,
914 2529 1168 2592 lucumque
1194 2529 1433 2592 diemque,
