1607 2700
169 79 258 120 158
509 85 556 118 P.
596 84 847 119 vaILH
878 85 1142 121 MARoms

168 205 458 251 Consertum
484 212 672 266 tegmen
699 204 845 267 spinis
869 224 880 260 ;
909 213 956 252 at
982 215 1141 253 cetera
1165 206 1361 262 Graius,

162 272 226 317 Et
250 270 491 333 quondam
528 271 689 333 patriis
714 272 774 318 ad
800 272 1003 333 Trojam
1043 273 1213 319 missus
1250 273 1295 318 in
1335 274 1494 322 armis.

162 339 309 400 Isque
338 336 419 383 ubi
444 337 707 384 Dardanios
733 339 921 384 habitus
948 348 995 386 et
1019 340 1169 385 Troia
1193 339 1312 385 vidit

160 412 302 449 Arma
324 404 524 465 procul;
553 406 747 465 paulum
774 414 973 466 aspectu
1022 406 1310 452 conterritus
1338 406 1492 463 haesit,

162 470 510 534 Continuitque
530 469 760 533 gradum:
789 488 900 516 mox
925 488 1029 518 sese
1062 472 1123 518 ad
1166 473 1327 519 littora
1370 490 1494 535 pr‘ce-

301 554 413 599 ceps

161 604 279 650 Cum
304 603 416 650 fletu
442 603 765 664 precibusque
792 602 920 648 tulit:
948 603 1038 648 Per
1062 604 1218 650 sidera
1239 614 1402 659 testor,

159 670 251 716 Per
275 686 484 731 superos²
512 678 655 730 atque
673 671 764 715 hoc
791 669 897 714 coeli
919 670 1143 730 spirabile
1169 672 1355 725 lumem
1395 671 1493 719 600

157 736 337 782 Tollite
365 753 450 791 me,
477 735 689 788 Teucri3
729 752 1043 797 quascunque
1069 736 1297 783 abducite
1323 747 1491 785 terras·

159 804 270 849 Hoc
298 812 371 849 sat
396 803 497 849 erit.
569 802 677 847 Scio
704 819 778 847 me
808 804 985 848 Danais
1012 819 1036 847 e
1064 803 1297 849 classibus
1326 821 1471 851 unum

160 871 224 916 Et
249 870 374 916 bello
400 869 573 915 Iliacos
600 869 752 914 fateor
777 869 966 930 petiisse
983 870 1204 915 Penates.
1491 866 1493 868 ¹

159 937 252 983 Pro
280 953 391 998 quo,
420 936 457 982 si
483 937 672 982 sceleris
698 945 830 982 tanta
848 944 921 982 est
946 936 1117 997 injuria
1142 937 1308 992 nostri,

160 1003 377 1065 Spargite
403 1019 475 1048 me
494 1004 538 1048 in
560 1001 752 1058 fluctus,
776 1011 1010 1064 vastoque
1037 1003 1299 1065 immergite
1321 1013 1490 1064 ponto.

160 1070 208 1115 Si
234 1086 392 1131 pereo,
421 1070 640 1115 manibus
667 1069 911 1115 hominum
941 1070 1357 1131 periissejuv·abit.

159 1136 382 1193 Dixerat;
405 1145 452 1183 et
471 1153 624 1193 genua
656 1138 921 1198 amplexus,
949 1137 1244 1198 genibusque
1270 1137 1490 1182 volutans

159 1204 405 1250 Haerebat.
476 1204 573 1258 Qui
593 1204 667 1259 sit,
692 1203 793 1259 fari,
823 1219 918 1264 quo
941 1203 1167 1265 sanguine
1194 1212 1371 1259 cretus,

160 1271 448 1325 Hortamur;
473 1287 581 1331 quae
602 1269 775 1316 deinde
801 1270 946 1332 agitet
967 1269 1175 1325 fortuna,
1203 1268 1357 1316 fateri.
1394 1267 1491 1325 609

158 1337 271 1398 Ipse
294 1347 426 1398 pater
446 1336 660 1383 dextram
675 1336 926 1391 Anchises,
949 1336 1075 1382 haud
1096 1337 1246 1382 multa
1259 1346 1489 1392 moratus,

161 1404 288 1449 Dat
268 1403 457 1464 iuveni,
478 1412 623 1465 atque
641 1403 850 1449 auiinum
866 1402 1087 1464 praesenti
1104 1419 1303 1464 pignore
1316 1403 1492 1449 firmat

158 1470 244 1517 Ille
272 1471 389 1527 baec,
416 1469 633 1531 deposita
658 1470 850 1516 tandem
875 1468 1145 1525 formidine,
1174 1468 1325 1516 tatur:

227 1538 340 1583 Sum
366 1539 517 1599 patria
542 1553 599 1582 ex
623 1539 804 1594 Ithaca,
834 1553 995 1583 comes
1020 1507 1222 1582 infelicis
1248 1537 1391 1591 Ulixi,

158 1604 706 1651 NomenAchemeuides
726 1622 737 1658 ;
773 1604 975 1664 Trojam
990 1604 1206 1664 genitore
1220 1604 1491 1650 Adamasto

157 1671 371 1734 Paupere
388 1671 754 1733 (mansissetque
772 1670 950 1717 utinam
976 1669 1168 1716 fortuna
1183 1671 1217 1727 !)
1231 1671 1492 1732 profectus.

158 1738 254 1785 Hic
280 1754 368 1795 me,
396 1738 509 1784 <lum
537 1737 708 1799 trepidi
727 1737 940 1784 crudelia
964 1736 1128 1783 limina
1151 1737 1390 1799 linquunt,

159 1805 469 1853 Immemores
496 1805 616 1851 socii
640 1815 775 1851 vasto
798 1803 1026 1867 Cyclopis
1049 1803 1094 1851 in
1121 1813 1261 1851 antro

159 1872 447 1920 Deseruere.
517 1872 703 1918 Domus
723 1871 852 1918 sanie
870 1870 1170 1933 dapibusque
1197 1870 1423 1926 cruentis,

162 1939 302 1986 Intus
327 1955 501 2002 opaca,
524 1939 691 2001 ingens
713 1955 724 1986 ε
754 1939 857 2000 ipse
882 1938 1076 1993 arduus,
1112 1937 1304 2001 altaque
1329 1939 1492 2000 pulsat

165 2006 348 2062 Sidera,
373 2007 477 2066 (Di,
496 2007 640 2052 talem
667 2005 802 2053 terris
837 2004 1036 2051 avertite
1063 2013 1249 2066 pestem
1270 2006 1304 2063 ἔ)
1393 2002 1491 2053 620

159 2073 266 2119 Nec
287 2073 391 2119 visu
418 2073 588 2130 facilis,
619 2089 709 2119 nec
735 2073 869 2120 dictu
895 2072 1101 2118 affabilis
1130 2072 1225 2118 ulli.

159 2140 440 2187 Visceribus
467 2140 762 2192 miserorum,
789 2149 836 2186 et
864 2139 1094 2202 sanguine
1137 2138 1345 2185 vescitur
1368 2146 1490 2184 atro.

159 2206 271 2252 Vidi
295 2215 498 2268 egomet,
520 2208 617 2253 (luo
643 2206 703 2253 de
728 2222 923 2254 numero
947 2207 1054 2253 cum
1081 2221 1282 2266 corpora
1307 2213 1489 2260 nostro,

159 2272 335 2320 Prensa
365 2290 504 2320 maun
530 2275 719 2336 magna,
748 2273 901 2319 medio
928 2273 1172 2335 resupinus
1198 2272 1246 2318 in
1271 2283 1425 2326 antro,

161 2339 417 2402 Frangeret
444 2340 503 2386 ad
530 2357 713 2397 saxum,
743 2340 969 2402 sanieque
995 2355 1194 2402 expersa
1220 2348 1436 2386 natarent

160 2406 345 2454 Limina
371 2422 382 2452 :
409 2407 522 2462 vidi,
548 2417 652 2454 atro
672 2409 780 2454 eum
809 2408 1018 2454 membra
1043 2406 1238 2453 fluentia
1257 2406 1370 2453 tabo

163 2473 435 2530 Manderet,
462 2484 508 2521 et
536 2475 679 2538 tepidi
705 2483 960 2522 tremerent
989 2473 1076 2520 sub
1103 2473 1327 2521 dentibus
1345 2481 1490 2519 artus.
