<?xml version="1.0" encoding="UTF-8"?>
<!DOCTYPE html PUBLIC "-//W3C//DTD XHTML 1.0 Transitional//EN"
    "http://www.w3.org/TR/xhtml1/DTD/xhtml1-transitional.dtd">
<html xmlns="http://www.w3.org/1999/xhtml" xml:lang="en" lang="en">
 <head>
  <title>
</title>
<meta http-equiv="Content-Type" content="text/html;charset=utf-8" />
  <meta name='ocr-system' content='tesseract 3.04.00' />
  <meta name='ocr-capabilities' content='ocr_page ocr_carea ocr_par ocr_line ocrx_word'/>
</head>
<body>
  <div class='ocr_page' id='page_1' title='image "./operaadfidemopti00virguoft/operaadfidemopti00virguoft_0129.png"; bbox 0 0 1564 2708; ppageno 0'>
   <div class='ocr_carea' id='block_1_1' title="bbox 473 91 1416 137">
    <p class='ocr_par' dir='ltr' id='par_1_1' title="bbox 473 91 1416 137">
     <span class='ocr_line' id='line_1_1' title="bbox 473 91 1416 137; baseline -0.005 0"><span class='ocrx_word' id='word_1_1' title='bbox 473 101 735 137; x_wconf 78' lang='lat' dir='ltr'><strong>AENEmos</strong></span> <span class='ocrx_word' id='word_1_2' title='bbox 763 101 874 134; x_wconf 78' lang='lat' dir='ltr'><strong>Lm.</strong></span> <span class='ocrx_word' id='word_1_3' title='bbox 915 99 978 134; x_wconf 87' lang='lat'><strong>11.</strong></span> <span class='ocrx_word' id='word_1_4' title='bbox 1326 91 1416 133; x_wconf 83' lang='lat'><strong>125</strong></span> 
     </span>
    </p>
   </div>
   <div class='ocr_carea' id='block_1_2' title="bbox 68 218 1488 2619">
    <p class='ocr_par' dir='ltr' id='par_1_2' title="bbox 68 218 1488 2619">
     <span class='ocr_line' id='line_1_2' title="bbox 80 218 1102 283; baseline -0.007 -13"><span class='ocrx_word' id='word_1_5' title='bbox 80 219 300 271; x_wconf 79' lang='lat' dir='ltr'><strong>Inclusos</strong></span> <span class='ocrx_word' id='word_1_6' title='bbox 317 228 452 269; x_wconf 91' lang='lat' dir='ltr'><strong>utero</strong></span> <span class='ocrx_word' id='word_1_7' title='bbox 472 221 673 267; x_wconf 84' lang='lat' dir='ltr'><strong>Danaos</strong></span> <span class='ocrx_word' id='word_1_8' title='bbox 698 227 747 268; x_wconf 89' lang='lat' dir='ltr'><strong>et</strong></span> <span class='ocrx_word' id='word_1_9' title='bbox 771 220 916 283; x_wconf 89' lang='lat' dir='ltr'><strong>pinea</strong></span> <span class='ocrx_word' id='word_1_10' title='bbox 938 218 1102 265; x_wconf 86' lang='lat' dir='ltr'><strong>furtim</strong></span> 
     </span>
     <span class='ocr_line' id='line_1_3' title="bbox 80 284 1340 349; baseline -0.007 -11"><span class='ocrx_word' id='word_1_11' title='bbox 80 292 227 337; x_wconf 84' lang='lat' dir='ltr'>Laxat</span> <span class='ocrx_word' id='word_1_12' title='bbox 250 289 458 337; x_wconf 86' lang='lat' dir='ltr'><strong>claustra</strong></span> <span class='ocrx_word' id='word_1_13' title='bbox 482 287 657 334; x_wconf 87' lang='lat' dir='ltr'><strong>Sinon:</strong></span> <span class='ocrx_word' id='word_1_14' title='bbox 696 287 799 334; x_wconf 92' lang='lat' dir='ltr'><strong>illos</strong></span> <span class='ocrx_word' id='word_1_15' title='bbox 826 285 1098 349; x_wconf 87' lang='lat' dir='ltr'><strong>patefactus</strong></span> <span class='ocrx_word' id='word_1_16' title='bbox 1123 284 1182 330; x_wconf 91' lang='lat' dir='ltr'><strong>ad</strong></span> <span class='ocrx_word' id='word_1_17' title='bbox 1204 299 1340 330; x_wconf 84' lang='lat' dir='ltr'><strong>auras</strong></span> 
     </span>
     <span class='ocr_line' id='line_1_4' title="bbox 77 352 1404 418; baseline -0.003 -14"><span class='ocrx_word' id='word_1_18' title='bbox 77 356 252 404; x_wconf 85' lang='lat' dir='ltr'>Reddit</span> <span class='ocrx_word' id='word_1_19' title='bbox 265 370 431 418; x_wconf 84' lang='lat' dir='ltr'><strong>equuS,</strong></span> <span class='ocrx_word' id='word_1_20' title='bbox 450 354 644 417; x_wconf 85' lang='lat' dir='ltr'><strong>laetique</strong></span> <span class='ocrx_word' id='word_1_21' title='bbox 662 370 778 400; x_wconf 89' lang='lat' dir='ltr'><strong>cavo</strong></span> <span class='ocrx_word' id='word_1_22' title='bbox 797 371 844 401; x_wconf 93' lang='lat' dir='ltr'><strong>se</strong></span> <span class='ocrx_word' id='word_1_23' title='bbox 860 353 1033 399; x_wconf 87' lang='lat' dir='ltr'>robore</span> <span class='ocrx_word' id='word_1_24' title='bbox 1054 362 1281 413; x_wconf 86' lang='lat' dir='ltr'><strong>promunt</strong></span> <span class='ocrx_word' id='word_1_25' title='bbox 1308 352 1404 400; x_wconf 77' lang='lat'><strong>260</strong></span> 
     </span>
     <span class='ocr_line' id='line_1_5' title="bbox 75 418 1358 481; baseline -0.003 -13"><span class='ocrx_word' id='word_1_26' title='bbox 75 422 333 469; x_wconf 85' lang='lat' dir='ltr'><strong>Tisandrus</strong></span> <span class='ocrx_word' id='word_1_27' title='bbox 359 420 706 481; x_wconf 81' lang='lat' dir='ltr'><strong>Sthenelusque</strong></span> <span class='ocrx_word' id='word_1_28' title='bbox 730 420 897 476; x_wconf 88' lang='lat' dir='ltr'><strong>duces,</strong></span> <span class='ocrx_word' id='word_1_29' title='bbox 926 428 972 466; x_wconf 91' lang='lat' dir='ltr'><strong>et</strong></span> <span class='ocrx_word' id='word_1_30' title='bbox 993 418 1122 464; x_wconf 89' lang='lat' dir='ltr'><strong>dirus</strong></span> <span class='ocrx_word' id='word_1_31' title='bbox 1149 419 1358 480; x_wconf 74' lang='lat' dir='ltr'><strong>Ulysses‚</strong></span> 
     </span>
     <span class='ocr_line' id='line_1_6' title="bbox 77 486 1408 550; baseline -0.003 -14"><span class='ocrx_word' id='word_1_32' title='bbox 77 488 352 536; x_wconf 90' lang='lat' dir='ltr'><strong>Demissum</strong></span> <span class='ocrx_word' id='word_1_33' title='bbox 369 487 491 550; x_wconf 87' lang='lat' dir='ltr'><strong>lapsi</strong></span> <span class='ocrx_word' id='word_1_34' title='bbox 511 503 597 549; x_wconf 89' lang='lat' dir='ltr'><strong>per</strong></span> <span class='ocrx_word' id='word_1_35' title='bbox 621 487 812 542; x_wconf 81' lang='lat' dir='ltr'><strong>funem;</strong></span> <span class='ocrx_word' id='word_1_36' title='bbox 850 487 1196 547; x_wconf 86' lang='lat' dir='ltr'><strong>Athamasque,</strong></span> <span class='ocrx_word' id='word_1_37' title='bbox 1218 486 1408 532; x_wconf 87' lang='lat' dir='ltr'><strong>Thoas-</strong></span> 
     </span>
     <span class='ocr_line' id='line_1_7' title="bbox 206 559 580 618; baseline -0.003 -16"><span class='ocrx_word' id='word_1_38' title='bbox 206 571 316 618; x_wconf 88' lang='lat' dir='ltr'><strong>que,</strong></span> <span class='ocrx_word' id='word_1_39' title='bbox 578 559 580 561; x_wconf 73' lang='grc'><strong><em>’</em></strong></span> 
     </span>
     <span class='ocr_line' id='line_1_8' title="bbox 74 618 1338 684; baseline -0.003 -16"><span class='ocrx_word' id='word_1_40' title='bbox 74 620 356 684; x_wconf 68' lang='lat' dir='ltr'><strong>Pelidesque</strong></span> <span class='ocrx_word' id='word_1_41' title='bbox 381 620 749 683; x_wconf 86' lang='lat' dir='ltr'><strong>Neoptolemus,</strong></span> <span class='ocrx_word' id='word_1_42' title='bbox 775 619 1053 682; x_wconf 87' lang='lat' dir='ltr'><strong>primusque</strong></span> <span class='ocrx_word' id='word_1_43' title='bbox 1081 618 1338 675; x_wconf 76' lang='lat' dir='ltr'><strong>Machaon,</strong></span> 
     </span>
     <span class='ocr_line' id='line_1_9' title="bbox 75 687 1238 748; baseline -0.005 -12"><span class='ocrx_word' id='word_1_44' title='bbox 75 690 137 736; x_wconf 92' lang='lat' dir='ltr'><strong>Et</strong></span> <span class='ocrx_word' id='word_1_45' title='bbox 166 688 429 743; x_wconf 83' lang='lat' dir='ltr'><strong>Menelaus,</strong></span> <span class='ocrx_word' id='word_1_46' title='bbox 455 696 504 734; x_wconf 88' lang='lat' dir='ltr'><strong>et</strong></span> <span class='ocrx_word' id='word_1_47' title='bbox 528 687 627 747; x_wconf 78' lang='lat' dir='ltr'><strong>ipse,</strong></span> <span class='ocrx_word' id='word_1_48' title='bbox 653 687 751 734; x_wconf 91' lang='lat' dir='ltr'><strong>doli</strong></span> <span class='ocrx_word' id='word_1_49' title='bbox 776 687 1036 734; x_wconf 85' lang='lat' dir='ltr'><strong>fabricator</strong></span> <span class='ocrx_word' id='word_1_50' title='bbox 1061 687 1238 748; x_wconf 88' lang='lat' dir='ltr'><strong>Epeos.</strong></span> 
     </span>
     <span class='ocr_line' id='line_1_10' title="bbox 75 753 1224 816; baseline -0.003 -14"><span class='ocrx_word' id='word_1_51' title='bbox 75 755 318 802; x_wconf 84' lang='lat' dir='ltr'><strong>Invadunt</strong></span> <span class='ocrx_word' id='word_1_52' title='bbox 343 756 506 801; x_wconf 82' lang='lat' dir='ltr'><strong>urbem</strong></span> <span class='ocrx_word' id='word_1_53' title='bbox 535 770 701 800; x_wconf 89' lang='lat' dir='ltr'><strong>somno</strong></span> <span class='ocrx_word' id='word_1_54' title='bbox 727 753 931 816; x_wconf 87' lang='lat' dir='ltr'><strong>vinoque</strong></span> <span class='ocrx_word' id='word_1_55' title='bbox 957 754 1191 815; x_wconf 76' lang='lat' dir='ltr'><strong>sepultam</strong></span> <span class='ocrx_word' id='word_1_56' title='bbox 1214 768 1224 798; x_wconf 92' lang='lat'>:</span> 
     </span>
     <span class='ocr_line' id='line_1_11' title="bbox 74 821 1340 883; baseline -0.003 -14"><span class='ocrx_word' id='word_1_57' title='bbox 74 821 337 869; x_wconf 86' lang='lat' dir='ltr'><strong>Caeduntur</strong></span> <span class='ocrx_word' id='word_1_58' title='bbox 360 822 552 883; x_wconf 83' lang='lat' dir='ltr'><strong>vigiles;</strong></span> <span class='ocrx_word' id='word_1_59' title='bbox 600 821 846 883; x_wconf 86' lang='lat' dir='ltr'><strong>portisque</strong></span> <span class='ocrx_word' id='word_1_60' title='bbox 872 821 1152 882; x_wconf 84' lang='lat' dir='ltr'><strong>patentibus</strong></span> <span class='ocrx_word' id='word_1_61' title='bbox 1179 836 1340 865; x_wconf 87' lang='lat' dir='ltr'><strong>omnes</strong></span> 
     </span>
     <span class='ocr_line' id='line_1_12' title="bbox 72 886 1380 951; baseline -0.002 -16"><span class='ocrx_word' id='word_1_62' title='bbox 72 889 335 951; x_wconf 85' lang='lat' dir='ltr'><strong>Accipiunt</strong></span> <span class='ocrx_word' id='word_1_63' title='bbox 355 888 527 945; x_wconf 89' lang='lat' dir='ltr'><strong>socios,</strong></span> <span class='ocrx_word' id='word_1_64' title='bbox 554 894 700 949; x_wconf 87' lang='lat' dir='ltr'><strong>atque</strong></span> <span class='ocrx_word' id='word_1_65' title='bbox 725 888 910 948; x_wconf 80' lang='lat' dir='ltr'><strong>agmina</strong></span> <span class='ocrx_word' id='word_1_66' title='bbox 935 886 1126 933; x_wconf 87' lang='lat' dir='ltr'><strong>conscia</strong></span> <span class='ocrx_word' id='word_1_67' title='bbox 1149 887 1380 946; x_wconf 81' lang='lat' dir='ltr'><strong>jungunt.</strong></span> 
     </span>
     <span class='ocr_line' id='line_1_13' title="bbox 68 953 1403 1018; baseline -0.004 -15"><span class='ocrx_word' id='word_1_68' title='bbox 68 966 104 1005; x_wconf 66' lang='lat' dir='ltr'>V</span> <span class='ocrx_word' id='word_1_69' title='bbox 138 956 354 1018; x_wconf 81' lang='lat' dir='ltr'><strong>Tempus</strong></span> <span class='ocrx_word' id='word_1_70' title='bbox 380 962 496 1010; x_wconf 88' lang='lat' dir='ltr'><strong>erat,</strong></span> <span class='ocrx_word' id='word_1_71' title='bbox 524 971 620 1017; x_wconf 90' lang='lat' dir='ltr'><strong>quo</strong></span> <span class='ocrx_word' id='word_1_72' title='bbox 646 954 798 1016; x_wconf 87' lang='lat' dir='ltr'><strong>prima</strong></span> <span class='ocrx_word' id='word_1_73' title='bbox 816 955 948 1015; x_wconf 91' lang='lat' dir='ltr'><strong>quies</strong></span> <span class='ocrx_word' id='word_1_74' title='bbox 967 953 1246 999; x_wconf 83' lang='lat' dir='ltr'><strong>mortalibus</strong></span> <span class='ocrx_word' id='word_1_75' title='bbox 1265 953 1403 1014; x_wconf 87' lang='lat' dir='ltr'><strong>aegris</strong></span> 
     </span>
     <span class='ocr_line' id='line_1_14' title="bbox 71 1019 1404 1085; baseline -0.002 -17"><span class='ocrx_word' id='word_1_76' title='bbox 71 1022 265 1085; x_wconf 84' lang='lat' dir='ltr'><strong>Incipit,</strong></span> <span class='ocrx_word' id='word_1_77' title='bbox 287 1030 335 1070; x_wconf 88' lang='lat' dir='ltr'><strong>et</strong></span> <span class='ocrx_word' id='word_1_78' title='bbox 360 1020 487 1067; x_wconf 91' lang='lat' dir='ltr'><strong>dono</strong></span> <span class='ocrx_word' id='word_1_79' title='bbox 516 1020 695 1068; x_wconf 71' lang='lat' dir='ltr'><strong>Divum</strong></span> <span class='ocrx_word' id='word_1_80' title='bbox 721 1021 986 1083; x_wconf 85' lang='lat' dir='ltr'><strong>gratissima</strong></span> <span class='ocrx_word' id='word_1_81' title='bbox 1006 1021 1169 1082; x_wconf 86' lang='lat' dir='ltr'><strong>serpit.</strong></span> <span class='ocrx_word' id='word_1_82' title='bbox 1308 1019 1404 1074; x_wconf 74' lang='lat'><strong>269</strong></span> 
     </span>
     <span class='ocr_line' id='line_1_15' title="bbox 72 1086 1356 1149; baseline -0.002 -14"><span class='ocrx_word' id='word_1_83' title='bbox 72 1089 127 1134; x_wconf 92' lang='lat' dir='ltr'><strong>In</strong></span> <span class='ocrx_word' id='word_1_84' title='bbox 153 1089 326 1135; x_wconf 88' lang='lat' dir='ltr'><strong>somnis</strong></span> <span class='ocrx_word' id='word_1_85' title='bbox 351 1104 466 1135; x_wconf 91' lang='lat' dir='ltr'><strong>ecce</strong></span> <span class='ocrx_word' id='word_1_86' title='bbox 490 1096 598 1135; x_wconf 87' lang='lat' dir='ltr'><strong>ante</strong></span> <span class='ocrx_word' id='word_1_87' title='bbox 623 1090 792 1134; x_wconf 92' lang='lat' dir='ltr'><strong>oculos</strong></span> <span class='ocrx_word' id='word_1_88' title='bbox 817 1088 1145 1149; x_wconf 70' lang='lat' dir='ltr'><strong>moestissimus</strong></span> <span class='ocrx_word' id='word_1_89' title='bbox 1173 1086 1356 1133; x_wconf 90' lang='lat' dir='ltr'><strong>Hector</strong></span> 
     </span>
     <span class='ocr_line' id='line_1_16' title="bbox 71 1153 1288 1217; baseline -0.002 -16"><span class='ocrx_word' id='word_1_90' title='bbox 71 1156 213 1202; x_wconf 88' lang='lat' dir='ltr'><strong>Visus</strong></span> <span class='ocrx_word' id='word_1_91' title='bbox 233 1156 400 1203; x_wconf 85' lang='lat' dir='ltr'><strong>adesse</strong></span> <span class='ocrx_word' id='word_1_92' title='bbox 422 1154 551 1210; x_wconf 90' lang='lat' dir='ltr'><strong>mihi,</strong></span> <span class='ocrx_word' id='word_1_93' title='bbox 577 1156 828 1217; x_wconf 87' lang='lat' dir='ltr'><strong>largosque</strong></span> <span class='ocrx_word' id='word_1_94' title='bbox 853 1153 1098 1201; x_wconf 88' lang='lat' dir='ltr'><strong>effundere</strong></span> <span class='ocrx_word' id='word_1_95' title='bbox 1125 1153 1288 1208; x_wconf 85' lang='lat' dir='ltr'><strong>fletus;</strong></span> 
     </span>
     <span class='ocr_line' id='line_1_17' title="bbox 72 1221 1283 1284; baseline -0.002 -15"><span class='ocrx_word' id='word_1_96' title='bbox 72 1222 305 1284; x_wconf 86' lang='lat' dir='ltr'><strong>Raptatus</strong></span> <span class='ocrx_word' id='word_1_97' title='bbox 332 1222 471 1284; x_wconf 83' lang='lat' dir='ltr'><strong>bigis,</strong></span> <span class='ocrx_word' id='word_1_98' title='bbox 493 1231 546 1269; x_wconf 94' lang='lat' dir='ltr'><strong>ut</strong></span> <span class='ocrx_word' id='word_1_99' title='bbox 570 1221 833 1284; x_wconf 82' lang='lat' dir='ltr'><strong>quondam,</strong></span> <span class='ocrx_word' id='word_1_100' title='bbox 860 1230 1058 1282; x_wconf 86' lang='lat' dir='ltr'><strong>aterque</strong></span> <span class='ocrx_word' id='word_1_101' title='bbox 1084 1230 1283 1267; x_wconf 83' lang='lat' dir='ltr'><strong>cruento</strong></span> 
     </span>
     <span class='ocr_line' id='line_1_18' title="bbox 73 1288 1336 1352; baseline -0.001 -17"><span class='ocrx_word' id='word_1_102' title='bbox 73 1290 291 1344; x_wconf 88' lang='lat' dir='ltr'><strong>Pulvere,</strong></span> <span class='ocrx_word' id='word_1_103' title='bbox 317 1305 499 1352; x_wconf 85' lang='lat' dir='ltr'><strong>perque</strong></span> <span class='ocrx_word' id='word_1_104' title='bbox 529 1288 674 1350; x_wconf 86' lang='lat' dir='ltr'><strong>pedes</strong></span> <span class='ocrx_word' id='word_1_105' title='bbox 701 1288 931 1349; x_wconf 84' lang='lat' dir='ltr'><strong>trajectus</strong></span> <span class='ocrx_word' id='word_1_106' title='bbox 957 1290 1058 1334; x_wconf 89' lang='lat' dir='ltr'><strong>lora</strong></span> <span class='ocrx_word' id='word_1_107' title='bbox 1084 1296 1336 1334; x_wconf 83' lang='lat' dir='ltr'><strong>tumentes.</strong></span> 
     </span>
     <span class='ocr_line' id='line_1_19' title="bbox 74 1355 1403 1429; baseline -0.001 -28"><span class='ocrx_word' id='word_1_108' title='bbox 74 1356 164 1401; x_wconf 79' lang='lat' dir='ltr'><strong>Hei</strong></span> <span class='ocrx_word' id='word_1_109' title='bbox 188 1355 318 1411; x_wconf 86' lang='lat' dir='ltr'><strong>mihi,</strong></span> <span class='ocrx_word' id='word_1_110' title='bbox 344 1356 496 1416; x_wconf 83' lang='lat' dir='ltr'><strong>qualis</strong></span> <span class='ocrx_word' id='word_1_111' title='bbox 520 1356 648 1401; x_wconf 86' lang='lat' dir='ltr'><strong>erat!</strong></span> <span class='ocrx_word' id='word_1_112' title='bbox 688 1355 921 1429; x_wconf 75' lang='lat' dir='ltr'><strong>quantum</strong></span> <span class='ocrx_word' id='word_1_113' title='bbox 973 1363 1184 1400; x_wconf 78' lang='lat' dir='ltr'><strong>mutatus</strong></span> <span class='ocrx_word' id='word_1_114' title='bbox 1226 1355 1286 1400; x_wconf 82' lang='lat' dir='ltr'><strong>ab</strong></span> <span class='ocrx_word' id='word_1_115' title='bbox 1324 1355 1403 1400; x_wconf 86' lang='lat' dir='ltr'><strong>illo</strong></span> 
     </span>
     <span class='ocr_line' id='line_1_20' title="bbox 75 1420 1230 1483; baseline -0.002 -15"><span class='ocrx_word' id='word_1_116' title='bbox 75 1422 299 1478; x_wconf 82' lang='lat' dir='ltr'><strong>Hectore,</strong></span> <span class='ocrx_word' id='word_1_117' title='bbox 325 1422 407 1483; x_wconf 90' lang='lat' dir='ltr'><strong>qui</strong></span> <span class='ocrx_word' id='word_1_118' title='bbox 431 1421 554 1468; x_wconf 86' lang='lat' dir='ltr'><strong>redit</strong></span> <span class='ocrx_word' id='word_1_119' title='bbox 572 1421 767 1467; x_wconf 84' lang='lat' dir='ltr'><strong>exuvias</strong></span> <span class='ocrx_word' id='word_1_120' title='bbox 793 1421 990 1467; x_wconf 86' lang='lat' dir='ltr'><strong>indutus</strong></span> <span class='ocrx_word' id='word_1_121' title='bbox 1013 1420 1230 1476; x_wconf 86' lang='lat' dir='ltr'><strong>Achillis,</strong></span> 
     </span>
     <span class='ocr_line' id='line_1_21' title="bbox 73 1487 1488 1563; baseline -0.001 -29"><span class='ocrx_word' id='word_1_122' title='bbox 73 1489 159 1534; x_wconf 91' lang='lat' dir='ltr'><strong>Vel</strong></span> <span class='ocrx_word' id='word_1_123' title='bbox 186 1489 409 1535; x_wconf 65' lang='lat' dir='ltr'><strong>Danaum</strong></span> <span class='ocrx_word' id='word_1_124' title='bbox 436 1487 668 1551; x_wconf 83' lang='lat' dir='ltr'><strong>Phrygios</strong></span> <span class='ocrx_word' id='word_1_125' title='bbox 686 1488 936 1549; x_wconf 77' lang='lat' dir='ltr'><strong>jaculatus</strong></span> <span class='ocrx_word' id='word_1_126' title='bbox 964 1487 1248 1563; x_wconf 86' lang='lat' dir='ltr'><strong>puppibus</strong></span> <span class='ocrx_word' id='word_1_127' title='bbox 1238 1504 1401 1550; x_wconf 83' lang='lat' dir='ltr'><strong>ignes.</strong></span> <span class='ocrx_word' id='word_1_128' title='bbox 1391 1489 1402 1520; x_wconf 81' lang='lat'><em>¹</em></span> <span class='ocrx_word' id='word_1_129' title='bbox 1423 1489 1488 1527; x_wconf 57' lang='lat' dir='ltr'><em>V</em></span> 
     </span>
     <span class='ocr_line' id='line_1_22' title="bbox 74 1554 1403 1616; baseline -0.002 -15"><span class='ocrx_word' id='word_1_130' title='bbox 74 1556 379 1616; x_wconf 83' lang='lat' dir='ltr'><strong>Squalentem</strong></span> <span class='ocrx_word' id='word_1_131' title='bbox 408 1554 622 1610; x_wconf 84' lang='lat' dir='ltr'><strong>barbam,</strong></span> <span class='ocrx_word' id='word_1_132' title='bbox 649 1564 695 1600; x_wconf 89' lang='lat' dir='ltr'><strong>et</strong></span> <span class='ocrx_word' id='word_1_133' title='bbox 716 1562 966 1602; x_wconf 89' lang='lat' dir='ltr'><strong>concretos</strong></span> <span class='ocrx_word' id='word_1_134' title='bbox 985 1556 1212 1613; x_wconf 79' lang='lat' dir='ltr'><strong>sanguine</strong></span> <span class='ocrx_word' id='word_1_135' title='bbox 1233 1556 1403 1611; x_wconf 87' lang='lat' dir='ltr'><strong>crines,</strong></span> 
     </span>
     <span class='ocr_line' id='line_1_23' title="bbox 73 1620 1404 1685; baseline 0 -17"><span class='ocrx_word' id='word_1_136' title='bbox 73 1622 376 1684; x_wconf 83' lang='lat' dir='ltr'><strong>Vulneraque</strong></span> <span class='ocrx_word' id='word_1_137' title='bbox 411 1621 492 1669; x_wconf 89' lang='lat' dir='ltr'><strong>illa</strong></span> <span class='ocrx_word' id='word_1_138' title='bbox 547 1637 730 1683; x_wconf 88' lang='lat' dir='ltr'><strong>gerens,</strong></span> <span class='ocrx_word' id='word_1_139' title='bbox 790 1637 899 1684; x_wconf 87' lang='lat' dir='ltr'><strong>quae</strong></span> <span class='ocrx_word' id='word_1_140' title='bbox 957 1620 1139 1668; x_wconf 75' lang='lat' dir='ltr'><strong>circum</strong></span> <span class='ocrx_word' id='word_1_141' title='bbox 1197 1622 1404 1685; x_wconf 89' lang='lat' dir='ltr'><strong>plurima</strong></span> 
     </span>
     <span class='ocr_line' id='line_1_24' title="bbox 205 1705 364 1735; baseline 0.006 -1"><span class='ocrx_word' id='word_1_142' title='bbox 205 1705 364 1735; x_wconf 87' lang='lat' dir='ltr'><strong>muros</strong></span> 
     </span>
     <span class='ocr_line' id='line_1_25' title="bbox 73 1753 1404 1818; baseline 0.002 -17"><span class='ocrx_word' id='word_1_143' title='bbox 73 1756 274 1817; x_wconf 83' lang='lat' dir='ltr'><strong>Accepit</strong></span> <span class='ocrx_word' id='word_1_144' title='bbox 300 1754 503 1817; x_wconf 86' lang='lat' dir='ltr'><strong>patrios:</strong></span> <span class='ocrx_word' id='word_1_145' title='bbox 542 1755 665 1801; x_wconf 90' lang='lat' dir='ltr'><strong>ultro</strong></span> <span class='ocrx_word' id='word_1_146' title='bbox 689 1753 804 1802; x_wconf 89' lang='lat' dir='ltr'><strong>flens</strong></span> <span class='ocrx_word' id='word_1_147' title='bbox 834 1755 936 1818; x_wconf 89' lang='lat' dir='ltr'><strong>ipse</strong></span> <span class='ocrx_word' id='word_1_148' title='bbox 956 1753 1156 1802; x_wconf 86' lang='lat' dir='ltr'><strong>videbar</strong></span> <span class='ocrx_word' id='word_1_149' title='bbox 1308 1763 1404 1812; x_wconf 73' lang='grc'><strong>279</strong></span> 
     </span>
     <span class='ocr_line' id='line_1_26' title="bbox 73 1822 1354 1884; baseline 0.002 -16"><span class='ocrx_word' id='word_1_150' title='bbox 73 1822 370 1883; x_wconf 86' lang='lat' dir='ltr'><strong>Compellare</strong></span> <span class='ocrx_word' id='word_1_151' title='bbox 396 1823 566 1878; x_wconf 87' lang='lat' dir='ltr'><strong>virum,</strong></span> <span class='ocrx_word' id='word_1_152' title='bbox 593 1831 639 1868; x_wconf 88' lang='lat' dir='ltr'><strong>et</strong></span> <span class='ocrx_word' id='word_1_153' title='bbox 667 1830 853 1869; x_wconf 83' lang='lat' dir='ltr'><strong>moestas</strong></span> <span class='ocrx_word' id='word_1_154' title='bbox 879 1838 1152 1884; x_wconf 88' lang='lat' dir='ltr'><strong>expromere</strong></span> <span class='ocrx_word' id='word_1_155' title='bbox 1178 1839 1320 1869; x_wconf 87' lang='lat' dir='ltr'><strong>voces</strong></span> <span class='ocrx_word' id='word_1_156' title='bbox 1342 1841 1354 1870; x_wconf 89' lang='lat'>:</span> 
     </span>
     <span class='ocr_line' id='line_1_27' title="bbox 75 1888 1300 1950; baseline 0 -15"><span class='ocrx_word' id='word_1_157' title='bbox 75 1889 120 1935; x_wconf 92' lang='lat' dir='ltr'>O</span> <span class='ocrx_word' id='word_1_158' title='bbox 145 1889 226 1935; x_wconf 85' lang='lat' dir='ltr'><strong>lux</strong></span> <span class='ocrx_word' id='word_1_159' title='bbox 255 1888 537 1936; x_wconf 67' lang='lat' dir='ltr'><strong>Dardani-ce!</strong></span> <span class='ocrx_word' id='word_1_160' title='bbox 575 1904 685 1950; x_wconf 87' lang='lat' dir='ltr'><strong>spes</strong></span> <span class='ocrx_word' id='word_1_161' title='bbox 711 1905 740 1934; x_wconf 90' lang='lat' dir='ltr'><strong>o</strong></span> <span class='ocrx_word' id='word_1_162' title='bbox 767 1888 998 1935; x_wconf 83' lang='lat' dir='ltr'><strong>fidissima</strong></span> <span class='ocrx_word' id='word_1_163' title='bbox 1021 1889 1266 1935; x_wconf 69' lang='lat' dir='ltr'><strong>Teucrum</strong></span> <span class='ocrx_word' id='word_1_164' title='bbox 1290 1891 1300 1935; x_wconf 90' lang='lat'>!</span> 
     </span>
     <span class='ocr_line' id='line_1_28' title="bbox 74 1955 1402 2017; baseline 0 -15"><span class='ocrx_word' id='word_1_165' title='bbox 74 1955 194 2010; x_wconf 85' lang='lat' dir='ltr'><strong>Quae</strong></span> <span class='ocrx_word' id='word_1_166' title='bbox 221 1964 366 2002; x_wconf 83' lang='lat' dir='ltr'><strong>tantae</strong></span> <span class='ocrx_word' id='word_1_167' title='bbox 391 1965 583 2002; x_wconf 85' lang='lat' dir='ltr'><strong>tenuere</strong></span> <span class='ocrx_word' id='word_1_168' title='bbox 609 1956 790 2002; x_wconf 68' lang='lat' dir='ltr'><strong>morae‘l</strong></span> <span class='ocrx_word' id='word_1_169' title='bbox 828 1956 1001 2017; x_wconf 87' lang='lat' dir='ltr'><strong>quibus</strong></span> <span class='ocrx_word' id='word_1_170' title='bbox 1023 1955 1204 2001; x_wconf 89' lang='lat' dir='ltr'><strong>Hector</strong></span> <span class='ocrx_word' id='word_1_171' title='bbox 1227 1958 1287 2002; x_wconf 88' lang='lat' dir='ltr'><strong>ab</strong></span> <span class='ocrx_word' id='word_1_172' title='bbox 1307 1956 1402 2002; x_wconf 89' lang='lat' dir='ltr'><strong>oris</strong></span> 
     </span>
     <span class='ocr_line' id='line_1_29' title="bbox 75 2022 1202 2084; baseline 0 -17"><span class='ocrx_word' id='word_1_173' title='bbox 75 2022 339 2084; x_wconf 86' lang='lat' dir='ltr'><strong>Expectate</strong></span> <span class='ocrx_word' id='word_1_174' title='bbox 361 2022 524 2069; x_wconf 70' lang='lat' dir='ltr'><strong>venis?</strong></span> <span class='ocrx_word' id='word_1_175' title='bbox 563 2030 613 2068; x_wconf 91' lang='lat' dir='ltr'><strong>ut</strong></span> <span class='ocrx_word' id='word_1_176' title='bbox 635 2032 678 2068; x_wconf 84' lang='lat' dir='ltr'><strong>te</strong></span> <span class='ocrx_word' id='word_1_177' title='bbox 705 2031 814 2084; x_wconf 90' lang='lat' dir='ltr'><strong>post</strong></span> <span class='ocrx_word' id='word_1_178' title='bbox 839 2022 988 2068; x_wconf 89' lang='lat' dir='ltr'><strong>multa</strong></span> <span class='ocrx_word' id='word_1_179' title='bbox 1014 2031 1202 2068; x_wconf 84' lang='lat' dir='ltr'><strong>tuorum</strong></span> 
     </span>
     <span class='ocr_line' id='line_1_30' title="bbox 75 2088 1401 2151; baseline 0.002 -17"><span class='ocrx_word' id='word_1_180' title='bbox 75 2088 271 2145; x_wconf 83' lang='lat' dir='ltr'><strong>Funera,</strong></span> <span class='ocrx_word' id='word_1_181' title='bbox 290 2098 399 2151; x_wconf 89' lang='lat' dir='ltr'><strong>post</strong></span> <span class='ocrx_word' id='word_1_182' title='bbox 420 2089 572 2135; x_wconf 85' lang='lat' dir='ltr'><strong>varios</strong></span> <span class='ocrx_word' id='word_1_183' title='bbox 595 2089 936 2150; x_wconf 85' lang='lat' dir='ltr'><strong>hominumque</strong></span> <span class='ocrx_word' id='word_1_184' title='bbox 955 2089 1178 2150; x_wconf 86' lang='lat' dir='ltr'><strong>urbisque</strong></span> <span class='ocrx_word' id='word_1_185' title='bbox 1198 2088 1401 2146; x_wconf 85' lang='lat' dir='ltr'><strong>labores,</strong></span> 
     </span>
     <span class='ocr_line' id='line_1_31' title="bbox 76 2154 1316 2219; baseline 0.002 -19"><span class='ocrx_word' id='word_1_186' title='bbox 76 2154 261 2203; x_wconf 85' lang='lat' dir='ltr'><strong>Defessi</strong></span> <span class='ocrx_word' id='word_1_187' title='bbox 286 2156 540 2219; x_wconf 87' lang='lat' dir='ltr'><strong>aspicimus</strong></span> <span class='ocrx_word' id='word_1_188' title='bbox 556 2157 575 2202; x_wconf 70' lang='grc' dir='ltr'><strong>’ἔ</strong></span> <span class='ocrx_word' id='word_1_189' title='bbox 613 2172 721 2216; x_wconf 84' lang='lat' dir='ltr'><strong>quae</strong></span> <span class='ocrx_word' id='word_1_190' title='bbox 748 2172 890 2202; x_wconf 81' lang='lat' dir='ltr'><strong>causa</strong></span> <span class='ocrx_word' id='word_1_191' title='bbox 909 2156 1105 2216; x_wconf 80' lang='lat' dir='ltr'><strong>indigna</strong></span> <span class='ocrx_word' id='word_1_192' title='bbox 1125 2172 1316 2202; x_wconf 87' lang='lat' dir='ltr'><strong>serenos</strong></span> 
     </span>
     <span class='ocr_line' id='line_1_32' title="bbox 78 2221 1272 2270; baseline 0 -2"><span class='ocrx_word' id='word_1_193' title='bbox 78 2221 289 2269; x_wconf 73' lang='lat' dir='ltr'><strong>Foedavit</strong></span> <span class='ocrx_word' id='word_1_194' title='bbox 314 2224 504 2270; x_wconf 62' lang='lat' dir='ltr'><strong>vultus?</strong></span> <span class='ocrx_word' id='word_1_195' title='bbox 539 2230 620 2269; x_wconf 90' lang='lat' dir='ltr'><strong>aut</strong></span> <span class='ocrx_word' id='word_1_196' title='bbox 644 2238 728 2268; x_wconf 88' lang='lat' dir='ltr'><strong>cur</strong></span> <span class='ocrx_word' id='word_1_197' title='bbox 753 2223 854 2268; x_wconf 80' lang='lat' dir='ltr'><strong>haec</strong></span> <span class='ocrx_word' id='word_1_198' title='bbox 881 2224 1076 2269; x_wconf 87' lang='lat' dir='ltr'><strong>vulnera</strong></span> <span class='ocrx_word' id='word_1_199' title='bbox 1096 2223 1272 2270; x_wconf 62' lang='lat' dir='ltr'><strong>cerno?</strong></span> 
     </span>
     <span class='ocr_line' id='line_1_33' title="bbox 76 2287 1267 2352; baseline 0.002 -19"><span class='ocrx_word' id='word_1_200' title='bbox 76 2287 161 2334; x_wconf 88' lang='lat' dir='ltr'><strong>Ille</strong></span> <span class='ocrx_word' id='word_1_201' title='bbox 185 2289 328 2344; x_wconf 87' lang='lat' dir='ltr'><strong>nihil;</strong></span> <span class='ocrx_word' id='word_1_202' title='bbox 356 2305 442 2337; x_wconf 89' lang='lat' dir='ltr'><strong>nec</strong></span> <span class='ocrx_word' id='word_1_203' title='bbox 469 2307 542 2336; x_wconf 90' lang='lat' dir='ltr'><strong>me</strong></span> <span class='ocrx_word' id='word_1_204' title='bbox 568 2298 860 2352; x_wconf 52' lang='lat' dir='ltr'><strong>quaerentem</strong></span> <span class='ocrx_word' id='word_1_205' title='bbox 888 2306 1008 2335; x_wconf 81' lang='lat' dir='ltr'><strong>vana</strong></span> <span class='ocrx_word' id='word_1_206' title='bbox 1036 2299 1267 2345; x_wconf 86' lang='lat' dir='ltr'><strong>moratur;</strong></span> 
     </span>
     <span class='ocr_line' id='line_1_34' title="bbox 76 2353 1268 2418; baseline 0.003 -19"><span class='ocrx_word' id='word_1_207' title='bbox 76 2353 169 2400; x_wconf 84' lang='lat' dir='ltr'><strong>Sed</strong></span> <span class='ocrx_word' id='word_1_208' title='bbox 192 2356 394 2414; x_wconf 78' lang='lat' dir='ltr'><strong>graviter</strong></span> <span class='ocrx_word' id='word_1_209' title='bbox 411 2357 614 2418; x_wconf 85' lang='lat' dir='ltr'><strong>gemitus</strong></span> <span class='ocrx_word' id='word_1_210' title='bbox 640 2357 732 2401; x_wconf 74' lang='lat' dir='ltr'><strong>iuno</strong></span> <span class='ocrx_word' id='word_1_211' title='bbox 757 2356 816 2402; x_wconf 84' lang='lat' dir='ltr'><strong>de</strong></span> <span class='ocrx_word' id='word_1_212' title='bbox 841 2365 1036 2418; x_wconf 87' lang='lat' dir='ltr'><strong>pectore</strong></span> <span class='ocrx_word' id='word_1_213' title='bbox 1061 2357 1268 2403; x_wconf 79' lang='lat' dir='ltr'><strong>ducens:</strong></span> 
     </span>
     <span class='ocr_line' id='line_1_35' title="bbox 78 2420 1401 2484; baseline 0.002 -18"><span class='ocrx_word' id='word_1_214' title='bbox 78 2422 186 2466; x_wconf 75' lang='lat' dir='ltr'><strong>lieu</strong></span> <span class='ocrx_word' id='word_1_215' title='bbox 215 2420 337 2483; x_wconf 83' lang='lat' dir='ltr'><strong>fuge,</strong></span> <span class='ocrx_word' id='word_1_216' title='bbox 365 2434 472 2470; x_wconf 85' lang='lat' dir='ltr'><strong>nate</strong></span> <span class='ocrx_word' id='word_1_217' title='bbox 498 2424 619 2478; x_wconf 62' lang='lat' dir='ltr'><strong>Dea,</strong></span> <span class='ocrx_word' id='word_1_218' title='bbox 650 2431 792 2483; x_wconf 87' lang='lat' dir='ltr'><strong>teque</strong></span> <span class='ocrx_word' id='word_1_219' title='bbox 819 2424 887 2469; x_wconf 75' lang='lat' dir='ltr'><strong>liis</strong></span> <span class='ocrx_word' id='word_1_220' title='bbox 909 2423 1015 2482; x_wconf 83' lang='lat' dir='ltr'><strong>(ait)</strong></span> <span class='ocrx_word' id='word_1_221' title='bbox 1036 2424 1164 2484; x_wconf 88' lang='lat' dir='ltr'><strong>eripe</strong></span> <span class='ocrx_word' id='word_1_222' title='bbox 1182 2422 1401 2471; x_wconf 81' lang='lat' dir='ltr'><strong>flammis.</strong></span> 
     </span>
     <span class='ocr_line' id='line_1_36' title="bbox 78 2487 1353 2547; baseline 0 -14"><span class='ocrx_word' id='word_1_223' title='bbox 78 2487 244 2534; x_wconf 79' lang='lat' dir='ltr'><strong>Hostis</strong></span> <span class='ocrx_word' id='word_1_224' title='bbox 271 2489 415 2536; x_wconf 83' lang='lat' dir='ltr'><strong>babet</strong></span> <span class='ocrx_word' id='word_1_225' title='bbox 437 2506 628 2546; x_wconf 87' lang='lat' dir='ltr'><strong>muros;</strong></span> <span class='ocrx_word' id='word_1_226' title='bbox 667 2492 762 2536; x_wconf 87' lang='lat' dir='ltr'><strong>ruit</strong></span> <span class='ocrx_word' id='word_1_227' title='bbox 785 2490 880 2536; x_wconf 88' lang='lat' dir='ltr'><strong>alto</strong></span> <span class='ocrx_word' id='word_1_228' title='bbox 907 2507 932 2535; x_wconf 90' lang='lat' dir='ltr'><strong>a</strong></span> <span class='ocrx_word' id='word_1_229' title='bbox 958 2490 1163 2536; x_wconf 86' lang='lat' dir='ltr'><strong>culmine</strong></span> <span class='ocrx_word' id='word_1_230' title='bbox 1183 2490 1353 2547; x_wconf 76' lang='lat' dir='ltr'><strong>Troja.</strong></span> 
     </span>
     <span class='ocr_line' id='line_1_37' title="bbox 77 2554 1400 2619; baseline 0 -18"><span class='ocrx_word' id='word_1_231' title='bbox 77 2554 162 2603; x_wconf 82' lang='lat' dir='ltr'><strong>Sat</strong></span> <span class='ocrx_word' id='word_1_232' title='bbox 180 2554 343 2617; x_wconf 80' lang='lat' dir='ltr'><strong>patriae</strong></span> <span class='ocrx_word' id='word_1_233' title='bbox 368 2555 653 2619; x_wconf 80' lang='lat' dir='ltr'><strong>Priamoque</strong></span> <span class='ocrx_word' id='word_1_234' title='bbox 680 2556 844 2604; x_wconf 80' lang='lat' dir='ltr'><strong>datum</strong></span> <span class='ocrx_word' id='word_1_235' title='bbox 867 2573 876 2602; x_wconf 82' lang='lat' dir='ltr'><strong><em>z</em></strong></span> <span class='ocrx_word' id='word_1_236' title='bbox 919 2557 954 2603; x_wconf 81' lang='lat' dir='ltr'><strong>si</strong></span> <span class='ocrx_word' id='word_1_237' title='bbox 986 2558 1207 2618; x_wconf 81' lang='lat' dir='ltr'><strong>Pergama</strong></span> <span class='ocrx_word' id='word_1_238' title='bbox 1235 2555 1400 2602; x_wconf 64' lang='lat' dir='ltr'><strong>dextra</strong></span> 
     </span>
    </p>
   </div>
  </div>
 </body>
</html>
