1614 2678
596 89 856 124 AENEIDOS
895 90 1010 124 LIB.
1050 90 1088 125 1.
1414 87 1502 127 lll

179 210 331 258 Terra
353 209 560 270 antiqua,
588 216 757 270 potens
781 209 920 254 armis
950 217 1095 272 atque
1123 210 1263 272 ubere
1287 210 1469 272 glebae;

181 275 371 323 OEnotri
393 275 580 321 coluere
606 275 716 330 viri;
739 291 865 322 nunc-
891 274 1032 330 fama,
1057 275 1261 323 minores
1410 285 1504 328 532

182 342 364 389 Italiam
388 341 580 397 dixisse,
607 342 745 388 ducis
770 341 831 388 de
855 341 1063 398 nomine,
1085 351 1293 404 gentem.

180 414 289 459 Huc
314 424 483 454 cursus
511 407 593 453 fuit
617 424 628 454 t

180 480 299 525 Cum
327 474 488 521 subito
514 490 762 537 assurgens
781 473 932 520 fluctu
952 474 1194 520 nimbosus
1220 475 1369 521 Orion

178 546 230 590 In
258 541 377 588 vada
403 557 530 587 caeca
551 542 674 596 tulit,
702 541 988 604 penitusque
1014 541 1296 602 procacibus
1316 544 1502 589 Austris

176 612 360 670 Perque
383 607 552 664 undas,
581 617 838 670 superante
865 610 980 663 salo,
1019 624 1196 669 perque
1220 608 1345 654 invia
1370 626 1483 656 saxa

176 675 385 737 Dispulit
407 689 417 719 :
457 675 549 720 huc
575 674 719 735 pauci
743 674 906 721 vestris
931 674 1211 721 adnavimus
1233 675 1347 722 oris.
1559 721 1563 727 ,

176 742 319 798 Quod
359 757 508 804 genus
552 742 642 788 hoc
683 742 929 787 homiuum
949 742 970 789 3
1028 758 1196 804 quaeve
1235 742 1363 789 hunc
1405 750 1502 789 tam
1559 752 1562 755 '

241 808 445 855 barbara
469 824 650 855 morem

174 875 411 922 Permittit
432 875 613 936 patria?
636 873 843 936 hospitio
864 874 1174 935 prohibemur
1197 891 1352 921 arenae
1371 892 1382 922 ε
1411 881 1506 924 540

174 941 306 988 Bella
330 942 468 996 cient,
494 941 742 1003 primaque
768 950 929 987 vetant
953 940 1209 987 consistere
1235 942 1374 989 terra.

175 1009 226 1055 Si
249 1024 395 1071 genus
421 1008 679 1055 humanum
704 1018 752 1054 et
777 1008 994 1054 mortalia
1018 1007 1228 1054 temnitis
1254 1025 1416 1063 arma;

175 1078 239 1121 At
266 1082 451 1137 sperate
478 1075 605 1121 Deos
631 1091 866 1121 memores
893 1074 1027 1121 fandi
1051 1084 1196 1137 atque
1224 1075 1437 1123 nefandi.

176 1141 280 1187 Rex
303 1151 404 1188 erat
428 1143 598 1189 AEneas
623 1142 781 1196 nobis,
810 1158 906 1203 quo
924 1141 1106 1203 justior
1129 1141 1260 1196 alter,

175 1208 281 1255 Nec
305 1208 481 1270 pietate
506 1207 612 1264 fuit,
640 1225 727 1254 nec
754 1208 880 1255 bello
906 1206 1058 1267 major
1080 1217 1127 1254 et
1152 1208 1326 1263 armis;

176 1275 330 1329 Quem
358 1274 395 1321 si
420 1274 521 1321 fata
540 1275 687 1321 virum
716 1283 917 1329 servant,
945 1276 982 1320 si
1008 1277 1214 1320 vescitur
1237 1276 1353 1321 aura

177 1341 417 1396 AEtlierea,
439 1357 591 1403 neque
608 1341 767 1387 adhuc
779 1340 1056 1387 crudelibus
1072 1341 1284 1387 occubat
1300 1339 1503 1398 umbris3

178 1408 289 1454 Non
316 1415 486 1463 metus,
511 1406 670 1453 officio
691 1423 748 1453 ne
772 1415 818 1453 te
845 1408 1055 1453 certasse
1080 1407 1286 1469 priorem

177 1473 429 1520 Poeniteat.
502 1475 622 1520 Sunt
647 1483 694 1520 et
720 1473 890 1519 Siculis
915 1473 1189 1535 regionibus
1215 1477 1371 1530 nrbes,

179 1543 415 1602 Arvaque,
441 1540 753 1601 Trojauoque
778 1556 805 1586 a
830 1540 1057 1601 sanguine
1079 1540 1232 1586 clarus
1254 1543 1472 1588 Acestes.

179 1606 462 1660 Quassatam
490 1607 642 1654 ventis
667 1607 811 1653 liceat
836 1607 1107 1653 subducere
1133 1607 1351 1664 classem,
1413 1615 1502 1656 551

178 1673 240 1719 Et
265 1673 395 1720 silvis
421 1682 586 1734 aptare
611 1674 788 1730 trabeS,
814 1682 863 1720 et
888 1673 1112 1735 stringere
1136 1691 1306 1720 remos.

179 1739 225 1785 Si
246 1741 386 1786 datur
412 1741 611 1796 ltaliam,
633 1741 772 1787 sociis
796 1749 844 1787 et
862 1757 970 1802 rege
995 1752 1208 1802 recepto,

177 1805 416 1862 Tendere,
444 1814 495 1852 ut
521 1808 704 1854 ltaliam
732 1808 828 1853 laeti
854 1808 1139 1868 Latiumque
1165 1816 1384 1869 petamus
1407 1823 1418 1852 ε

178 1873 262 1919 Sin
288 1873 513 1920 absumta,
538 1875 681 1930 salus,
708 1883 755 1920 et
780 1884 842 1930 te,
869 1883 1002 1936 pater
1025 1875 1205 1936 optime
1228 1874 1489 1930 Teucrum,

178 1939 359 1986 Pontus
385 1940 533 1987 habet
558 1942 737 2004 Libyae,
764 1957 850 1987 nec
879 1957 990 2002 spes
1008 1941 1110 2000 jam
1138 1953 1284 1987 restat
1311 1941 1403 1987 Iiili
1426 1958 1436 1994 ;

177 2007 244 2052 At
267 2006 391 2054 freta
416 2007 619 2054 Sicaniae
645 2008 811 2053 saltem
838 2009 1068 2069 sedesque
1094 2017 1295 2069 paratas,

177 2072 318 2120 Unde
339 2074 432 2119 huc
457 2074 662 2130 advecti,
689 2090 944 2135 regemque
969 2084 1188 2135 petamus
1214 2077 1456 2121 Acestem.

176 2139 375 2187 Talibus
403 2139 628 2196 1lioneus3
665 2140 829 2190 cuncti
854 2141 990 2187 simul
1010 2158 1089 2188 ore
1110 2140 1374 2187 fremebant

179 2206 487 2254 Dardanidae.
1411 2204 1506 2253 560

244 2271 372 2319 Tum
399 2274 606 2321 breviter
629 2274 775 2330 Dido,
803 2275 988 2321 vultum
1014 2274 1234 2330 demissa,
1261 2274 1505 2335 profatur·

180 2337 354 2385 Solvite
379 2339 525 2387 corde
549 2351 745 2396 metum,
771 2341 967 2397 Teucri,
996 2341 1223 2387 secludite
1243 2357 1396 2386 curas,

181 2403 275 2450 Res
300 2404 434 2460 dura,
456 2416 504 2452 et
526 2407 657 2469 regni
682 2410 867 2453 novitas
893 2424 966 2454 me
993 2407 1106 2454 talia
1130 2418 1310 2468 cogunt

181 2469 356 2525 Moliri,
381 2481 429 2518 et
451 2472 544 2519 late
570 2474 688 2519 fines
714 2474 913 2520 custode
939 2473 1074 2519 tueri.

179 2536 299 2591 Quis
321 2552 468 2599 genus
494 2540 773 2596 AEueadum,
800 2540 908 2602 quis
927 2540 972 2587 T
973 2540 1089 2602 rojae
1107 2539 1288 2586 nesciat
1311 2539 1506 2584 urbem!
