<?xml version="1.0" encoding="UTF-8"?>
<!DOCTYPE html PUBLIC "-//W3C//DTD XHTML 1.0 Transitional//EN"
    "http://www.w3.org/TR/xhtml1/DTD/xhtml1-transitional.dtd">
<html xmlns="http://www.w3.org/1999/xhtml" xml:lang="en" lang="en">
 <head>
  <title>
</title>
<meta http-equiv="Content-Type" content="text/html;charset=utf-8" />
  <meta name='ocr-system' content='tesseract 3.04.00' />
  <meta name='ocr-capabilities' content='ocr_page ocr_carea ocr_par ocr_line ocrx_word'/>
</head>
<body>
  <div class='ocr_page' id='page_1' title='image "./operaadfidemopti00virguoft/operaadfidemopti00virguoft_0120.png"; bbox 0 0 1602 2708; ppageno 0'>
   <div class='ocr_carea' id='block_1_1' title="bbox 13 83 1073 132">
    <p class='ocr_par' dir='ltr' id='par_1_1' title="bbox 13 83 1073 132">
     <span class='ocr_line' id='line_1_1' title="bbox 13 83 1073 132; baseline 0.001 -2"><span class='ocrx_word' id='word_1_1' title='bbox 13 127 17 130; x_wconf 83' lang='grc'><em>.</em></span> <span class='ocrx_word' id='word_1_2' title='bbox 98 83 191 132; x_wconf 86' lang='lat'>116</span> <span class='ocrx_word' id='word_1_3' title='bbox 423 99 471 131; x_wconf 79' lang='grc' dir='ltr'>Ρ.</span> <span class='ocrx_word' id='word_1_4' title='bbox 511 97 765 132; x_wconf 79' lang='lat' dir='ltr'>v1RG1L11</span> <span class='ocrx_word' id='word_1_5' title='bbox 809 98 1073 132; x_wconf 72' lang='lat' dir='ltr'>MARoNrs</span> 
     </span>
    </p>
   </div>
   <div class='ocr_carea' id='block_1_2' title="bbox 89 210 1411 2588">
    <p class='ocr_par' dir='ltr' id='par_1_2' title="bbox 89 210 1411 2588">
     <span class='ocr_line' id='line_1_2' title="bbox 93 210 1346 273; baseline 0.002 -18"><span class='ocrx_word' id='word_1_6' title='bbox 93 210 294 256; x_wconf 86' lang='lat' dir='ltr'><strong>Centum</strong></span> <span class='ocrx_word' id='word_1_7' title='bbox 321 210 446 267; x_wconf 85' lang='lat' dir='ltr'>aliae,</span> <span class='ocrx_word' id='word_1_8' title='bbox 474 210 775 273; x_wconf 88' lang='lat' dir='ltr'>totidemque</span> <span class='ocrx_word' id='word_1_9' title='bbox 803 228 940 272; x_wconf 82' lang='lat' dir='ltr'>pares</span> <span class='ocrx_word' id='word_1_10' title='bbox 967 219 1106 258; x_wconf 80' lang='lat' dir='ltr'>aetate</span> <span class='ocrx_word' id='word_1_11' title='bbox 1134 210 1346 267; x_wconf 81' lang='lat' dir='ltr'>ministri,</span> 
     </span>
     <span class='ocr_line' id='line_1_3' title="bbox 93 275 1368 339; baseline 0.003 -18"><span class='ocrx_word' id='word_1_12' title='bbox 93 276 189 330; x_wconf 85' lang='lat' dir='ltr'>Qui</span> <span class='ocrx_word' id='word_1_13' title='bbox 216 275 421 338; x_wconf 84' lang='lat' dir='ltr'>dapibus</span> <span class='ocrx_word' id='word_1_14' title='bbox 449 293 634 323; x_wconf 88' lang='lat' dir='ltr'>mensas</span> <span class='ocrx_word' id='word_1_15' title='bbox 659 286 875 334; x_wconf 86' lang='lat' dir='ltr'>onerant,</span> <span class='ocrx_word' id='word_1_16' title='bbox 901 286 947 323; x_wconf 91' lang='lat' dir='ltr'>et</span> <span class='ocrx_word' id='word_1_17' title='bbox 974 278 1145 339; x_wconf 89' lang='lat' dir='ltr'>pocula</span> <span class='ocrx_word' id='word_1_18' title='bbox 1171 286 1368 337; x_wconf 88' lang='lat' dir='ltr'>ponunt.</span> 
     </span>
     <span class='ocr_line' id='line_1_4' title="bbox 91 341 1254 405; baseline 0 -16"><span class='ocrx_word' id='word_1_19' title='bbox 91 341 296 389; x_wconf 87' lang='lat' dir='ltr'>Necnon</span> <span class='ocrx_word' id='word_1_20' title='bbox 323 351 370 388; x_wconf 90' lang='lat' dir='ltr'>et</span> <span class='ocrx_word' id='word_1_21' title='bbox 395 343 531 405; x_wconf 82' lang='lat' dir='ltr'>Tyrii</span> <span class='ocrx_word' id='word_1_22' title='bbox 556 360 643 405; x_wconf 91' lang='lat' dir='ltr'>per</span> <span class='ocrx_word' id='word_1_23' title='bbox 668 344 826 389; x_wconf 87' lang='lat' dir='ltr'>limina</span> <span class='ocrx_word' id='word_1_24' title='bbox 848 344 959 390; x_wconf 87' lang='lat' dir='ltr'>laeta</span> <span class='ocrx_word' id='word_1_25' title='bbox 984 344 1254 404; x_wconf 86' lang='lat' dir='ltr'>frequentes</span> 
     </span>
     <span class='ocr_line' id='line_1_5' title="bbox 92 408 1186 470; baseline 0.001 -16"><span class='ocrx_word' id='word_1_26' title='bbox 92 408 389 465; x_wconf 85' lang='lat' dir='ltr'>Convenere,</span> <span class='ocrx_word' id='word_1_27' title='bbox 415 409 530 455; x_wconf 86' lang='lat' dir='ltr'>toris</span> <span class='ocrx_word' id='word_1_28' title='bbox 549 410 675 469; x_wconf 86' lang='lat' dir='ltr'>jussi</span> <span class='ocrx_word' id='word_1_29' title='bbox 698 411 998 455; x_wconf 84' lang='lat' dir='ltr'>discumbere</span> <span class='ocrx_word' id='word_1_30' title='bbox 1027 410 1186 470; x_wconf 87' lang='lat' dir='ltr'>pictis.</span> 
     </span>
     <span class='ocr_line' id='line_1_6' title="bbox 92 474 1136 533; baseline 0.002 -14"><span class='ocrx_word' id='word_1_31' title='bbox 92 474 329 520; x_wconf 84' lang='lat' dir='ltr'>Mirantur</span> <span class='ocrx_word' id='word_1_32' title='bbox 354 475 479 520; x_wconf 82' lang='lat' dir='ltr'>dona</span> <span class='ocrx_word' id='word_1_33' title='bbox 506 477 678 531; x_wconf 79' lang='lat' dir='ltr'>AEneae,</span> <span class='ocrx_word' id='word_1_34' title='bbox 710 477 937 520; x_wconf 87' lang='lat' dir='ltr'>mirantur</span> <span class='ocrx_word' id='word_1_35' title='bbox 964 476 1136 533; x_wconf 87' lang='lat' dir='ltr'>Iiilum,</span> 
     </span>
     <span class='ocr_line' id='line_1_7' title="bbox 90 540 1403 602; baseline 0.002 -17"><span class='ocrx_word' id='word_1_36' title='bbox 90 540 461 602; x_wconf 86' lang='lat' dir='ltr'>Flagrantesque</span> <span class='ocrx_word' id='word_1_37' title='bbox 490 540 577 585; x_wconf 90' lang='lat' dir='ltr'>Dei</span> <span class='ocrx_word' id='word_1_38' title='bbox 605 542 780 597; x_wconf 86' lang='lat' dir='ltr'>vultus,</span> <span class='ocrx_word' id='word_1_39' title='bbox 802 540 1112 602; x_wconf 83' lang='lat' dir='ltr'>simulataque</span> <span class='ocrx_word' id='word_1_40' title='bbox 1131 541 1287 597; x_wconf 87' lang='lat' dir='ltr'>verba,</span> <span class='ocrx_word' id='word_1_41' title='bbox 1307 548 1403 595; x_wconf 89' lang='grc'>710</span> 
     </span>
     <span class='ocr_line' id='line_1_8' title="bbox 91 606 1334 668; baseline 0.002 -18"><span class='ocrx_word' id='word_1_42' title='bbox 91 606 367 668; x_wconf 83' lang='lat' dir='ltr'>Pallamque</span> <span class='ocrx_word' id='word_1_43' title='bbox 394 616 440 652; x_wconf 92' lang='lat' dir='ltr'>et</span> <span class='ocrx_word' id='word_1_44' title='bbox 467 609 645 667; x_wconf 84' lang='lat' dir='ltr'>pictum</span> <span class='ocrx_word' id='word_1_45' title='bbox 673 622 844 651; x_wconf 86' lang='lat' dir='ltr'>croceo</span> <span class='ocrx_word' id='word_1_46' title='bbox 871 607 1083 652; x_wconf 84' lang='lat' dir='ltr'>velamen</span> <span class='ocrx_word' id='word_1_47' title='bbox 1109 609 1334 656; x_wconf 81' lang='lat' dir='ltr'><strong>acantho.</strong></span> 
     </span>
     <span class='ocr_line' id='line_1_9' title="bbox 89 671 1118 733; baseline 0.001 -16"><span class='ocrx_word' id='word_1_48' title='bbox 89 671 340 732; x_wconf 86' lang='lat' dir='ltr'>Praecipue</span> <span class='ocrx_word' id='word_1_49' title='bbox 369 672 550 729; x_wconf 85' lang='lat' dir='ltr'>infelix,</span> <span class='ocrx_word' id='word_1_50' title='bbox 577 672 699 733; x_wconf 89' lang='lat' dir='ltr'>pesti</span> <span class='ocrx_word' id='word_1_51' title='bbox 727 673 901 718; x_wconf 78' lang='lat' dir='ltr'>demta</span> <span class='ocrx_word' id='word_1_52' title='bbox 927 672 1118 729; x_wconf 88' lang='lat' dir='ltr'>futurae,</span> 
     </span>
     <span class='ocr_line' id='line_1_10' title="bbox 90 737 1253 800; baseline 0.002 -17"><span class='ocrx_word' id='word_1_53' title='bbox 90 738 283 799; x_wconf 86' lang='lat' dir='ltr'>Expleri</span> <span class='ocrx_word' id='word_1_54' title='bbox 311 746 509 784; x_wconf 81' lang='lat' dir='ltr'>mentem</span> <span class='ocrx_word' id='word_1_55' title='bbox 537 740 721 800; x_wconf 89' lang='lat' dir='ltr'>nequit,</span> <span class='ocrx_word' id='word_1_56' title='bbox 749 737 1050 799; x_wconf 81' lang='lat' dir='ltr'>aidescitque</span> <span class='ocrx_word' id='word_1_57' title='bbox 1076 739 1253 785; x_wconf 88' lang='lat' dir='ltr'>tuendo</span> 
     </span>
     <span class='ocr_line' id='line_1_11' title="bbox 90 803 1345 867; baseline 0.001 -18"><span class='ocrx_word' id='word_1_58' title='bbox 90 804 365 857; x_wconf 88' lang='lat' dir='ltr'>Phoenissa;</span> <span class='ocrx_word' id='word_1_59' title='bbox 403 813 449 850; x_wconf 89' lang='lat' dir='ltr'>et</span> <span class='ocrx_word' id='word_1_60' title='bbox 467 805 646 867; x_wconf 81' lang='lat' dir='ltr'>pariter</span> <span class='ocrx_word' id='word_1_61' title='bbox 669 820 820 866; x_wconf 87' lang='lat' dir='ltr'>puero</span> <span class='ocrx_word' id='word_1_62' title='bbox 845 803 1079 866; x_wconf 90' lang='lat' dir='ltr'>donisque</span> <span class='ocrx_word' id='word_1_63' title='bbox 1105 813 1345 851; x_wconf 88' lang='lat' dir='ltr'>movetur.</span> 
     </span>
     <span class='ocr_line' id='line_1_12' title="bbox 89 868 1274 944; baseline 0.002 -29"><span class='ocrx_word' id='word_1_64' title='bbox 89 868 194 927; x_wconf 92' lang='lat' dir='ltr'>Ille,</span> <span class='ocrx_word' id='word_1_65' title='bbox 217 870 299 916; x_wconf 89' lang='lat' dir='ltr'>ubi</span> <span class='ocrx_word' id='word_1_66' title='bbox 327 872 580 931; x_wconf 86' lang='lat' dir='ltr'>complexu</span> <span class='ocrx_word' id='word_1_67' title='bbox 608 871 768 917; x_wconf 86' lang='lat' dir='ltr'>AEueae</span> <span class='ocrx_word' id='word_1_68' title='bbox 787 870 1005 944; x_wconf 85' lang='lat' dir='ltr'>colloque</span> <span class='ocrx_word' id='word_1_69' title='bbox 1025 871 1274 932; x_wconf 84' lang='lat' dir='ltr'>pependit,</span> 
     </span>
     <span class='ocr_line' id='line_1_13' title="bbox 90 936 1273 998; baseline 0.002 -17"><span class='ocrx_word' id='word_1_70' title='bbox 90 936 154 981; x_wconf 87' lang='lat' dir='ltr'>Et</span> <span class='ocrx_word' id='word_1_71' title='bbox 180 952 402 998; x_wconf 85' lang='lat' dir='ltr'>magnum</span> <span class='ocrx_word' id='word_1_72' title='bbox 427 937 530 982; x_wconf 81' lang='lat' dir='ltr'>falsi</span> <span class='ocrx_word' id='word_1_73' title='bbox 557 936 773 998; x_wconf 89' lang='lat' dir='ltr'>implevit</span> <span class='ocrx_word' id='word_1_74' title='bbox 797 936 1018 998; x_wconf 77' lang='lat' dir='ltr'>genitoris</span> <span class='ocrx_word' id='word_1_75' title='bbox 1045 953 1273 993; x_wconf 87' lang='lat' dir='ltr'>amorem,</span> 
     </span>
     <span class='ocr_line' id='line_1_14' title="bbox 91 1002 1327 1065; baseline -0.001 -17"><span class='ocrx_word' id='word_1_76' title='bbox 91 1002 319 1062; x_wconf 76' lang='lat' dir='ltr'>Reginam</span> <span class='ocrx_word' id='word_1_77' title='bbox 346 1002 466 1065; x_wconf 89' lang='lat' dir='ltr'>petit</span> <span class='ocrx_word' id='word_1_78' title='bbox 491 1019 502 1048; x_wconf 92' lang='lat'><strong>:</strong></span> <span class='ocrx_word' id='word_1_79' title='bbox 543 1003 645 1049; x_wconf 85' lang='lat' dir='ltr'>haec</span> <span class='ocrx_word' id='word_1_80' title='bbox 672 1002 840 1059; x_wconf 91' lang='lat' dir='ltr'>oculis,</span> <span class='ocrx_word' id='word_1_81' title='bbox 871 1003 973 1048; x_wconf 81' lang='lat' dir='ltr'>liaec</span> <span class='ocrx_word' id='word_1_82' title='bbox 1001 1011 1197 1065; x_wconf 83' lang='lat' dir='ltr'>pectore</span> <span class='ocrx_word' id='word_1_83' title='bbox 1224 1010 1327 1048; x_wconf 84' lang='lat' dir='ltr'>toto</span> 
     </span>
     <span class='ocr_line' id='line_1_15' title="bbox 92 1068 1361 1131; baseline -0.001 -17"><span class='ocrx_word' id='word_1_84' title='bbox 92 1068 275 1125; x_wconf 26' lang='lat' dir='ltr'>Hae-ret,</span> <span class='ocrx_word' id='word_1_85' title='bbox 300 1078 346 1115; x_wconf 90' lang='lat' dir='ltr'>et</span> <span class='ocrx_word' id='word_1_86' title='bbox 371 1069 612 1115; x_wconf 89' lang='lat' dir='ltr'>interdum</span> <span class='ocrx_word' id='word_1_87' title='bbox 642 1069 822 1131; x_wconf 88' lang='lat' dir='ltr'>gremio</span> <span class='ocrx_word' id='word_1_88' title='bbox 849 1068 1006 1122; x_wconf 88' lang='lat' dir='ltr'>fovet;</span> <span class='ocrx_word' id='word_1_89' title='bbox 1044 1069 1187 1114; x_wconf 89' lang='lat' dir='ltr'>inscia</span> <span class='ocrx_word' id='word_1_90' title='bbox 1215 1069 1361 1124; x_wconf 86' lang='lat' dir='ltr'>Dido,</span> 
     </span>
     <span class='ocr_line' id='line_1_16' title="bbox 92 1134 1317 1196; baseline 0 -16"><span class='ocrx_word' id='word_1_91' title='bbox 92 1134 303 1181; x_wconf 77' lang='lat' dir='ltr'>Insideat</span> <span class='ocrx_word' id='word_1_92' title='bbox 323 1144 530 1196; x_wconf 88' lang='lat' dir='ltr'>quantus</span> <span class='ocrx_word' id='word_1_93' title='bbox 560 1135 741 1181; x_wconf 86' lang='lat' dir='ltr'>miserae</span> <span class='ocrx_word' id='word_1_94' title='bbox 762 1136 922 1182; x_wconf 87' lang='lat' dir='ltr'>Deus:</span> <span class='ocrx_word' id='word_1_95' title='bbox 961 1144 1010 1181; x_wconf 88' lang='lat' dir='ltr'>at</span> <span class='ocrx_word' id='word_1_96' title='bbox 1036 1151 1218 1182; x_wconf 89' lang='lat' dir='ltr'>memor</span> <span class='ocrx_word' id='word_1_97' title='bbox 1242 1135 1317 1181; x_wconf 85' lang='lat' dir='ltr'>ille</span> 
     </span>
     <span class='ocr_line' id='line_1_17' title="bbox 92 1199 1406 1263; baseline 0.002 -18"><span class='ocrx_word' id='word_1_98' title='bbox 92 1199 264 1246; x_wconf 88' lang='lat' dir='ltr'>Matris</span> <span class='ocrx_word' id='word_1_99' title='bbox 286 1201 530 1257; x_wconf 84' lang='lat' dir='ltr'>Acidaliae,</span> <span class='ocrx_word' id='word_1_100' title='bbox 549 1201 773 1262; x_wconf 84' lang='lat' dir='ltr'>paulatim</span> <span class='ocrx_word' id='word_1_101' title='bbox 797 1201 989 1247; x_wconf 87' lang='lat' dir='ltr'>abolere</span> <span class='ocrx_word' id='word_1_102' title='bbox 1010 1201 1268 1263; x_wconf 81' lang='lat' dir='ltr'>Sycbaeuin</span> <span class='ocrx_word' id='word_1_103' title='bbox 1308 1207 1406 1256; x_wconf 81' lang='lat'>720</span> 
     </span>
     <span class='ocr_line' id='line_1_18' title="bbox 92 1266 1162 1329; baseline 0 -17"><span class='ocrx_word' id='word_1_104' title='bbox 92 1266 285 1328; x_wconf 85' lang='lat' dir='ltr'>Incipit,</span> <span class='ocrx_word' id='word_1_105' title='bbox 311 1274 359 1312; x_wconf 87' lang='lat' dir='ltr'>et</span> <span class='ocrx_word' id='word_1_106' title='bbox 384 1267 488 1312; x_wconf 95' lang='lat' dir='ltr'>vivo</span> <span class='ocrx_word' id='word_1_107' title='bbox 516 1276 669 1313; x_wconf 82' lang='lat' dir='ltr'>tentat</span> <span class='ocrx_word' id='word_1_108' title='bbox 694 1275 977 1329; x_wconf 76' lang='lat' dir='ltr'>praevertere</span> <span class='ocrx_word' id='word_1_109' title='bbox 1002 1283 1162 1313; x_wconf 80' lang='lat' dir='ltr'>amore</span> 
     </span>
     <span class='ocr_line' id='line_1_19' title="bbox 94 1332 1309 1395; baseline 0.001 -16"><span class='ocrx_word' id='word_1_110' title='bbox 94 1333 390 1394; x_wconf 87' lang='lat' dir='ltr'>Jampridem</span> <span class='ocrx_word' id='word_1_111' title='bbox 417 1333 597 1379; x_wconf 86' lang='lat' dir='ltr'>resides</span> <span class='ocrx_word' id='word_1_112' title='bbox 624 1334 802 1379; x_wconf 82' lang='lat' dir='ltr'>animos</span> <span class='ocrx_word' id='word_1_113' title='bbox 829 1332 1124 1395; x_wconf 86' lang='lat' dir='ltr'>desuetaque</span> <span class='ocrx_word' id='word_1_114' title='bbox 1146 1332 1309 1380; x_wconf 85' lang='lat' dir='ltr'>corda.</span> 
     </span>
     <span class='ocr_line' id='line_1_20' title="bbox 163 1399 1407 1462; baseline 0.001 -18"><span class='ocrx_word' id='word_1_115' title='bbox 163 1399 419 1461; x_wconf 87' lang='lat' dir='ltr'>Postquam</span> <span class='ocrx_word' id='word_1_116' title='bbox 447 1400 598 1461; x_wconf 86' lang='lat' dir='ltr'>prima</span> <span class='ocrx_word' id='word_1_117' title='bbox 624 1399 758 1461; x_wconf 91' lang='lat' dir='ltr'>quies</span> <span class='ocrx_word' id='word_1_118' title='bbox 777 1399 950 1462; x_wconf 89' lang='lat' dir='ltr'>epulis,</span> <span class='ocrx_word' id='word_1_119' title='bbox 970 1415 1239 1461; x_wconf 74' lang='lat' dir='ltr'>mensaeque</span> <span class='ocrx_word' id='word_1_120' title='bbox 1252 1415 1407 1445; x_wconf 89' lang='lat' dir='ltr'>remo-</span> 
     </span>
     <span class='ocr_line' id='line_1_21' title="bbox 93 1465 1404 1528; baseline 0 -16"><span class='ocrx_word' id='word_1_121' title='bbox 93 1465 314 1512; x_wconf 81' lang='lat' dir='ltr'>Crateras</span> <span class='ocrx_word' id='word_1_122' title='bbox 341 1482 536 1527; x_wconf 84' lang='lat' dir='ltr'>magnos</span> <span class='ocrx_word' id='word_1_123' title='bbox 561 1473 791 1522; x_wconf 82' lang='lat' dir='ltr'>statuunt,</span> <span class='ocrx_word' id='word_1_124' title='bbox 816 1474 863 1511; x_wconf 89' lang='lat' dir='ltr'>et</span> <span class='ocrx_word' id='word_1_125' title='bbox 884 1466 991 1511; x_wconf 87' lang='lat' dir='ltr'>vina</span> <span class='ocrx_word' id='word_1_126' title='bbox 1017 1475 1265 1512; x_wconf 86' lang='lat' dir='ltr'>coronant.</span> <span class='ocrx_word' id='word_1_127' title='bbox 1291 1467 1404 1528; x_wconf 84' lang='lat' dir='ltr'>[tae;</span> 
     </span>
     <span class='ocr_line' id='line_1_22' title="bbox 95 1531 1407 1593; baseline 0 -16"><span class='ocrx_word' id='word_1_128' title='bbox 95 1532 170 1578; x_wconf 88' lang='lat' dir='ltr'>Fit</span> <span class='ocrx_word' id='word_1_129' title='bbox 195 1533 419 1593; x_wconf 90' lang='lat' dir='ltr'>strepitus</span> <span class='ocrx_word' id='word_1_130' title='bbox 445 1532 600 1589; x_wconf 86' lang='lat' dir='ltr'>tectis,</span> <span class='ocrx_word' id='word_1_131' title='bbox 625 1548 888 1593; x_wconf 87' lang='lat' dir='ltr'>vocemque</span> <span class='ocrx_word' id='word_1_132' title='bbox 914 1547 998 1591; x_wconf 92' lang='lat' dir='ltr'>per</span> <span class='ocrx_word' id='word_1_133' title='bbox 1014 1532 1172 1592; x_wconf 83' lang='lat' dir='ltr'>ampla</span> <span class='ocrx_word' id='word_1_134' title='bbox 1192 1531 1407 1578; x_wconf 85' lang='lat' dir='ltr'>volutant</span> 
     </span>
     <span class='ocr_line' id='line_1_23' title="bbox 93 1597 1268 1660; baseline -0.001 -16"><span class='ocrx_word' id='word_1_135' title='bbox 93 1598 230 1644; x_wconf 87' lang='lat' dir='ltr'>Atria</span> <span class='ocrx_word' id='word_1_136' title='bbox 253 1614 265 1643; x_wconf 72' lang='grc' dir='ltr'><strong>ι</strong></span> <span class='ocrx_word' id='word_1_137' title='bbox 306 1597 582 1660; x_wconf 68' lang='grc' dir='ltr'>(ἱερεηάεῃῑ</span> <span class='ocrx_word' id='word_1_138' title='bbox 608 1597 768 1659; x_wconf 85' lang='lat' dir='ltr'>lychni</span> <span class='ocrx_word' id='word_1_139' title='bbox 793 1597 1098 1658; x_wconf 82' lang='lat' dir='ltr'>laquearibus</span> <span class='ocrx_word' id='word_1_140' title='bbox 1118 1597 1268 1643; x_wconf 87' lang='lat' dir='ltr'>aureis</span> 
     </span>
     <span class='ocr_line' id='line_1_24' title="bbox 91 1663 1258 1721; baseline -0.002 -10"><span class='ocrx_word' id='word_1_141' title='bbox 91 1663 296 1721; x_wconf 88' lang='lat' dir='ltr'>Incensi,</span> <span class='ocrx_word' id='word_1_142' title='bbox 321 1674 371 1711; x_wconf 87' lang='lat' dir='ltr'>et</span> <span class='ocrx_word' id='word_1_143' title='bbox 401 1672 589 1710; x_wconf 87' lang='lat' dir='ltr'>noctem</span> <span class='ocrx_word' id='word_1_144' title='bbox 617 1663 819 1709; x_wconf 84' lang='lat' dir='ltr'>flammis</span> <span class='ocrx_word' id='word_1_145' title='bbox 844 1663 1019 1708; x_wconf 81' lang='lat' dir='ltr'>funalia</span> <span class='ocrx_word' id='word_1_146' title='bbox 1045 1663 1258 1709; x_wconf 89' lang='lat' dir='ltr'>vincunt.</span> 
     </span>
     <span class='ocr_line' id='line_1_25' title="bbox 94 1729 1342 1793; baseline -0.001 -17"><span class='ocrx_word' id='word_1_147' title='bbox 94 1730 188 1776; x_wconf 74' lang='lat' dir='ltr'>Hic</span> <span class='ocrx_word' id='word_1_148' title='bbox 215 1730 394 1791; x_wconf 83' lang='lat' dir='ltr'>Regina</span> <span class='ocrx_word' id='word_1_149' title='bbox 419 1746 608 1793; x_wconf 88' lang='lat' dir='ltr'>gravem</span> <span class='ocrx_word' id='word_1_150' title='bbox 639 1729 834 1789; x_wconf 76' lang='lat' dir='ltr'>gemmis</span> <span class='ocrx_word' id='word_1_151' title='bbox 862 1744 1074 1789; x_wconf 86' lang='lat' dir='ltr'>auroque</span> <span class='ocrx_word' id='word_1_152' title='bbox 1099 1730 1342 1791; x_wconf 85' lang='lat' dir='ltr'>poposcit,</span> 
     </span>
     <span class='ocr_line' id='line_1_26' title="bbox 94 1794 1407 1860; baseline -0.002 -18"><span class='ocrx_word' id='word_1_153' title='bbox 94 1797 417 1860; x_wconf 82' lang='lat' dir='ltr'>Implevitque</span> <span class='ocrx_word' id='word_1_154' title='bbox 436 1812 565 1843; x_wconf 89' lang='lat' dir='ltr'>mero</span> <span class='ocrx_word' id='word_1_155' title='bbox 580 1804 814 1856; x_wconf 79' lang='lat' dir='ltr'>pateram3</span> <span class='ocrx_word' id='word_1_156' title='bbox 834 1811 978 1856; x_wconf 88' lang='lat' dir='ltr'>qnam</span> <span class='ocrx_word' id='word_1_157' title='bbox 994 1794 1153 1851; x_wconf 88' lang='lat' dir='ltr'>Belus,</span> <span class='ocrx_word' id='word_1_158' title='bbox 1178 1804 1224 1841; x_wconf 86' lang='lat' dir='ltr'>et</span> <span class='ocrx_word' id='word_1_159' title='bbox 1245 1811 1407 1841; x_wconf 83' lang='lat' dir='ltr'>omnes</span> 
     </span>
     <span class='ocr_line' id='line_1_27' title="bbox 94 1861 1409 1918; baseline 0 -10"><span class='ocrx_word' id='word_1_160' title='bbox 94 1864 140 1918; x_wconf 80' lang='lat' dir='ltr'>A</span> <span class='ocrx_word' id='word_1_161' title='bbox 165 1864 279 1911; x_wconf 87' lang='lat' dir='ltr'>Belo</span> <span class='ocrx_word' id='word_1_162' title='bbox 306 1864 449 1909; x_wconf 89' lang='lat' dir='ltr'>soliti.</span> <span class='ocrx_word' id='word_1_163' title='bbox 518 1863 645 1908; x_wconf 90' lang='lat' dir='ltr'>Tum</span> <span class='ocrx_word' id='word_1_164' title='bbox 673 1861 800 1908; x_wconf 85' lang='lat' dir='ltr'>facta</span> <span class='ocrx_word' id='word_1_165' title='bbox 825 1862 1009 1908; x_wconf 86' lang='lat' dir='ltr'>silentia</span> <span class='ocrx_word' id='word_1_166' title='bbox 1034 1861 1206 1908; x_wconf 85' lang='lat' dir='ltr'>tectis:</span> <span class='ocrx_word' id='word_1_167' title='bbox 1313 1868 1409 1915; x_wconf 86' lang='lat'>730</span> 
     </span>
     <span class='ocr_line' id='line_1_28' title="bbox 93 1926 1411 1991; baseline -0.002 -16"><span class='ocrx_word' id='word_1_168' title='bbox 93 1929 302 1991; x_wconf 80' lang='lat' dir='ltr'>Jupiter,</span> <span class='ocrx_word' id='word_1_169' title='bbox 325 1926 623 1991; x_wconf 84' lang='lat' dir='ltr'>(hospitibus</span> <span class='ocrx_word' id='word_1_170' title='bbox 649 1944 757 1974; x_wconf 89' lang='lat' dir='ltr'>nam</span> <span class='ocrx_word' id='word_1_171' title='bbox 785 1937 831 1974; x_wconf 90' lang='lat' dir='ltr'>te</span> <span class='ocrx_word' id='word_1_172' title='bbox 858 1928 971 1973; x_wconf 90' lang='lat' dir='ltr'>dare</span> <span class='ocrx_word' id='word_1_173' title='bbox 990 1928 1102 1988; x_wconf 88' lang='lat' dir='ltr'>jura</span> <span class='ocrx_word' id='word_1_174' title='bbox 1128 1927 1411 1989; x_wconf 88' lang='lat' dir='ltr'>loquuntur)</span> 
     </span>
     <span class='ocr_line' id='line_1_29' title="bbox 95 1993 1375 2058; baseline -0.002 -17"><span class='ocrx_word' id='word_1_175' title='bbox 95 1995 242 2041; x_wconf 90' lang='lat' dir='ltr'>Hunc</span> <span class='ocrx_word' id='word_1_176' title='bbox 268 1996 428 2042; x_wconf 82' lang='lat' dir='ltr'>laetum</span> <span class='ocrx_word' id='word_1_177' title='bbox 455 1995 707 2058; x_wconf 81' lang='lat' dir='ltr'>Tyriisque</span> <span class='ocrx_word' id='word_1_178' title='bbox 733 1994 855 2041; x_wconf 86' lang='lat' dir='ltr'>diem</span> <span class='ocrx_word' id='word_1_179' title='bbox 881 1993 1122 2054; x_wconf 64' lang='lat' dir='ltr'>Trojfiqne</span> <span class='ocrx_word' id='word_1_180' title='bbox 1147 1994 1375 2054; x_wconf 82' lang='lat' dir='ltr'>prosectis</span> 
     </span>
     <span class='ocr_line' id='line_1_30' title="bbox 94 2060 1407 2123; baseline -0.002 -16"><span class='ocrx_word' id='word_1_181' title='bbox 94 2062 212 2107; x_wconf 79' lang='lat' dir='ltr'>Esse</span> <span class='ocrx_word' id='word_1_182' title='bbox 238 2063 368 2118; x_wconf 89' lang='lat' dir='ltr'>velis,</span> <span class='ocrx_word' id='word_1_183' title='bbox 395 2069 683 2123; x_wconf 89' lang='lat' dir='ltr'>nostrosque</span> <span class='ocrx_word' id='word_1_184' title='bbox 716 2060 863 2121; x_wconf 86' lang='lat' dir='ltr'>hujus</span> <span class='ocrx_word' id='word_1_185' title='bbox 891 2061 1161 2107; x_wconf 88' lang='lat' dir='ltr'>meminisse</span> <span class='ocrx_word' id='word_1_186' title='bbox 1188 2060 1407 2106; x_wconf 90' lang='lat' dir='ltr'>minores.</span> 
     </span>
     <span class='ocr_line' id='line_1_31' title="bbox 96 2126 1261 2185; baseline -0.002 -11"><span class='ocrx_word' id='word_1_187' title='bbox 96 2127 238 2174; x_wconf 88' lang='lat' dir='ltr'>Adsit</span> <span class='ocrx_word' id='word_1_188' title='bbox 265 2128 445 2174; x_wconf 85' lang='lat' dir='ltr'>laetitiae</span> <span class='ocrx_word' id='word_1_189' title='bbox 473 2129 697 2173; x_wconf 84' lang='lat' dir='ltr'>Bacchus</span> <span class='ocrx_word' id='word_1_190' title='bbox 724 2126 882 2185; x_wconf 87' lang='lat' dir='ltr'>dator,</span> <span class='ocrx_word' id='word_1_191' title='bbox 908 2134 956 2173; x_wconf 88' lang='lat' dir='ltr'>et</span> <span class='ocrx_word' id='word_1_192' title='bbox 982 2127 1111 2174; x_wconf 86' lang='lat' dir='ltr'>bona</span> <span class='ocrx_word' id='word_1_193' title='bbox 1135 2127 1261 2172; x_wconf 90' lang='lat' dir='ltr'>Juno</span> 
     </span>
     <span class='ocr_line' id='line_1_32' title="bbox 96 2192 1244 2256; baseline -0.002 -17"><span class='ocrx_word' id='word_1_194' title='bbox 96 2194 160 2239; x_wconf 87' lang='lat' dir='ltr'>Et</span> <span class='ocrx_word' id='word_1_195' title='bbox 186 2210 286 2250; x_wconf 86' lang='lat' dir='ltr'>vos,</span> <span class='ocrx_word' id='word_1_196' title='bbox 303 2211 330 2237; x_wconf 94' lang='lat' dir='ltr'>o</span> <span class='ocrx_word' id='word_1_197' title='bbox 355 2201 551 2251; x_wconf 87' lang='lat' dir='ltr'>coetum,</span> <span class='ocrx_word' id='word_1_198' title='bbox 575 2193 724 2256; x_wconf 72' lang='lat' dir='ltr'>Tyrii,</span> <span class='ocrx_word' id='word_1_199' title='bbox 748 2193 990 2240; x_wconf 84' lang='lat' dir='ltr'>celebrate</span> <span class='ocrx_word' id='word_1_200' title='bbox 1016 2192 1244 2238; x_wconf 80' lang='lat' dir='ltr'>faventes.</span> 
     </span>
     <span class='ocr_line' id='line_1_33' title="bbox 98 2259 1330 2315; baseline 0 -11"><span class='ocrx_word' id='word_1_201' title='bbox 98 2259 250 2315; x_wconf 83' lang='lat' dir='ltr'>Dixit,</span> <span class='ocrx_word' id='word_1_202' title='bbox 277 2269 324 2306; x_wconf 87' lang='lat' dir='ltr'>et</span> <span class='ocrx_word' id='word_1_203' title='bbox 350 2260 395 2305; x_wconf 89' lang='lat' dir='ltr'>in</span> <span class='ocrx_word' id='word_1_204' title='bbox 420 2276 630 2306; x_wconf 89' lang='lat' dir='ltr'>mensam</span> <span class='ocrx_word' id='word_1_205' title='bbox 659 2260 854 2306; x_wconf 84' lang='lat' dir='ltr'>laticum</span> <span class='ocrx_word' id='word_1_206' title='bbox 879 2259 1045 2306; x_wconf 89' lang='lat' dir='ltr'>libavit</span> <span class='ocrx_word' id='word_1_207' title='bbox 1073 2259 1330 2313; x_wconf 63' lang='lat' dir='ltr'>honorem</span> 
     </span>
     <span class='ocr_line' id='line_1_34' title="bbox 98 2324 1212 2387; baseline -0.001 -15"><span class='ocrx_word' id='word_1_208' title='bbox 98 2325 351 2387; x_wconf 87' lang='lat' dir='ltr'>Primaque</span> <span class='ocrx_word' id='word_1_209' title='bbox 372 2326 537 2383; x_wconf 84' lang='lat' dir='ltr'>libato,</span> <span class='ocrx_word' id='word_1_210' title='bbox 565 2342 748 2372; x_wconf 88' lang='lat' dir='ltr'>summo</span> <span class='ocrx_word' id='word_1_211' title='bbox 774 2335 909 2372; x_wconf 89' lang='lat' dir='ltr'>tenus</span> <span class='ocrx_word' id='word_1_212' title='bbox 935 2324 1091 2385; x_wconf 82' lang='lat' dir='ltr'>attigit</span> <span class='ocrx_word' id='word_1_213' title='bbox 1117 2341 1212 2371; x_wconf 90' lang='lat' dir='ltr'>ore.</span> 
     </span>
     <span class='ocr_line' id='line_1_35' title="bbox 97 2391 1411 2454; baseline 0.001 -17"><span class='ocrx_word' id='word_1_214' title='bbox 97 2391 221 2437; x_wconf 84' lang='lat' dir='ltr'>Tum</span> <span class='ocrx_word' id='word_1_215' title='bbox 250 2393 384 2438; x_wconf 83' lang='lat' dir='ltr'>Bitiae</span> <span class='ocrx_word' id='word_1_216' title='bbox 411 2393 543 2438; x_wconf 89' lang='lat' dir='ltr'>dedit</span> <span class='ocrx_word' id='word_1_217' title='bbox 569 2393 892 2454; x_wconf 85' lang='lat' dir='ltr'>increpitans:</span> <span class='ocrx_word' id='word_1_218' title='bbox 933 2391 1008 2437; x_wconf 88' lang='lat' dir='ltr'>ille</span> <span class='ocrx_word' id='word_1_219' title='bbox 1031 2391 1232 2452; x_wconf 87' lang='lat' dir='ltr'>impiger</span> <span class='ocrx_word' id='word_1_220' title='bbox 1253 2391 1411 2438; x_wconf 85' lang='lat' dir='ltr'>hausit</span> 
     </span>
     <span class='ocr_line' id='line_1_36' title="bbox 101 2458 1365 2520; baseline -0.002 -16"><span class='ocrx_word' id='word_1_221' title='bbox 101 2458 413 2517; x_wconf 85' lang='lat' dir='ltr'>Spumantem</span> <span class='ocrx_word' id='word_1_222' title='bbox 440 2467 669 2520; x_wconf 87' lang='lat' dir='ltr'>pateram,</span> <span class='ocrx_word' id='word_1_223' title='bbox 696 2468 742 2503; x_wconf 89' lang='lat' dir='ltr'>et</span> <span class='ocrx_word' id='word_1_224' title='bbox 769 2459 914 2520; x_wconf 89' lang='lat' dir='ltr'>pleno</span> <span class='ocrx_word' id='word_1_225' title='bbox 940 2473 988 2503; x_wconf 91' lang='lat' dir='ltr'>se</span> <span class='ocrx_word' id='word_1_226' title='bbox 1015 2458 1186 2518; x_wconf 87' lang='lat' dir='ltr'>proluit</span> <span class='ocrx_word' id='word_1_227' title='bbox 1216 2474 1329 2504; x_wconf 90' lang='lat' dir='ltr'>auro</span> <span class='ocrx_word' id='word_1_228' title='bbox 1354 2472 1365 2501; x_wconf 74' lang='grc' dir='ltr'>ε</span> 
     </span>
     <span class='ocr_line' id='line_1_37' title="bbox 102 2523 1410 2588; baseline 0.002 -19"><span class='ocrx_word' id='word_1_229' title='bbox 102 2523 217 2570; x_wconf 84' lang='lat' dir='ltr'>Post</span> <span class='ocrx_word' id='word_1_230' title='bbox 235 2523 310 2571; x_wconf 86' lang='lat' dir='ltr'>alii</span> <span class='ocrx_word' id='word_1_231' title='bbox 337 2539 574 2588; x_wconf 79' lang='lat' dir='ltr'>proceres·</span> <span class='ocrx_word' id='word_1_232' title='bbox 647 2524 841 2572; x_wconf 67' lang='lat' dir='ltr'>Cithara</span> <span class='ocrx_word' id='word_1_233' title='bbox 867 2524 1061 2572; x_wconf 80' lang='lat' dir='ltr'>crinitus</span> <span class='ocrx_word' id='word_1_234' title='bbox 1087 2524 1230 2587; x_wconf 85' lang='lat' dir='ltr'>lopas</span> <span class='ocrx_word' id='word_1_235' title='bbox 1313 2528 1410 2578; x_wconf 76' lang='lat'>740</span> 
     </span>
    </p>
   </div>
  </div>
 </body>
</html>
