1586 2704
520 137 778 172 AENEIDOS
821 136 930 170 LIB.
971 138 1051 171 XI.
1346 133 1436 174 341

148 253 377 300 Praesatus
405 251 551 297 Divos
578 251 695 297 solio
722 268 796 298 rex
825 250 929 297 infit
954 251 1014 296 ab
1039 252 1160 297 alto:
1345 259 1437 302 301

153 320 270 368 Ante
296 317 514 380 equidem
541 317 722 363 summa
746 318 805 364 de
828 334 875 364 re
902 316 1135 372 statuisse,
1159 316 1334 374 Latini,

155 387 208 432 Et
233 386 414 440 veliem,
434 392 481 430 et
506 383 658 429 fuerat
683 385 845 430 melius
870 401 881 436 ;
919 398 1014 428 non
1042 390 1251 444 tempore
1279 384 1360 429 tali

157 452 331 512 Cogere
356 450 625 505 concilium,
652 449 760 495 cum
788 465 945 496 muros
983 448 1155 494 assidet
1182 449 1345 496 hostis,

157 517 330 563 Bellum
357 516 692 577 importunum,
722 517 870 570 cives,
897 531 1004 560 cum
1034 523 1170 575 gente
1203 517 1410 563 Deorum

155 582 436 642 invictisque
465 581 570 628 viris
593 584 828 642 gerimus;
869 595 988 643 quos
1018 579 1141 626 nulla
1165 579 1366 642 fatigant

152 648 330 702 Praelia,
357 664 440 693 nec
469 648 579 693 victi
605 656 805 708 possunt
830 647 1055 692 absistere
1084 647 1223 692 ferro.

152 715 288 775 Spem
317 714 351 758 si
379 730 518 775 quain
545 714 706 759 accitis
733 713 939 760 AEtolum
971 712 1192 757 habuistis
1218 712 1263 757 in
1286 711 1443 766 armis,

147 780 344 826 Ponite:
367 795 473 840 spes
491 779 816 842 sibiquisque;
845 778 944 834 sed,
960 779 1060 824 haec.
1078 777 1217 839 quam
1230 787 1442 839 angusta,

278 844 466 891 videtis.

147 911 320 959 Cetera
344 913 438 973 qua
465 927 615 957 rerum
635 910 830 970 jaceant
854 911 1076 973 perculsa
1101 909 1254 966 ruina,
1349 917 1446 957 310

144 980 270 1025 Ante
297 977 459 1022 oculos
484 977 701 1036 interque
727 993 891 1022 manus
917 984 1025 1022 sunt
1050 976 1207 1020 omnia
1233 983 1431 1023 vestras.

144 1043 248 1089 Nec
269 1058 554 1105 quemquam
571 1043 768 1088 incuso:
796 1043 1069 1104 potuitquae
1083 1041 1280 1104 plurima
1301 1042 1444 1088 virtus

144 1109 276 1163 Esse,
303 1108 422 1155 fuit:
460 1117 562 1154 toto
588 1117 817 1153 certatum
844 1117 915 1156 est
936 1124 1137 1169 corpore
1164 1107 1312 1168 regui.

142 1174 290 1221 Nunc
317 1174 455 1231 adeo,
483 1191 591 1236 quae
617 1175 675 1220 sit
694 1175 854 1220 dubiae
881 1174 1108 1220 sententia
1136 1175 1297 1229 menti,

144 1240 441 1302 Expediam3
480 1249 527 1287 et
551 1241 736 1300 paucis,
760 1241 940 1286 animos
969 1240 1214 1296 adhibete,
1241 1239 1445 1287 docebo·

144 1307 231 1353 Est
256 1309 477 1368 antiquus
503 1322 630 1367 ager,
648 1307 813 1352 Tusco
841 1307 952 1351 mihi
980 1307 1224 1368 proximus
1252 1308 1395 1363 anmi,

144 1372 333 1434 Longus
359 1373 402 1418 in
429 1388 673 1426 occasum,
703 1371 820 1418 fines
847 1388 989 1434 super
1017 1388 1168 1432 usque
1195 1372 1410 1420 Sicanos.

144 1439 358 1484 Aurunci
385 1438 646 1499 Rutulique
674 1446 848 1493 serunt,
875 1445 921 1483 et
941 1454 1128 1484 vomere
1153 1437 1300 1483 duros

144 1504 382 1550 Exercent
406 1505 568 1560 colles,
591 1514 736 1564 atque
759 1505 926 1549 horum
944 1505 1200 1565 asperrima
1227 1511 1444 1565 pascunt.

144 1569 260 1616 Haec
286 1572 437 1616 omnis
455 1571 600 1631 regio,
617 1578 663 1615 et
687 1570 800 1616 celsi
819 1570 960 1632 plaga
977 1571 1119 1632 pinea
1137 1570 1328 1626 montis,
1348 1576 1446 1619 320

145 1636 297 1682 Cedat
320 1636 541 1683 amicitiae
565 1636 860 1682 Teucrorum
880 1654 892 1691 ;
932 1646 980 1682 et
1003 1636 1192 1683 soederis
1215 1653 1380 1698 aequas

143 1701 371 1748 Dicamus
395 1702 536 1762 leges,
562 1701 816 1763 sociosque
834 1703 878 1748 in
901 1718 1044 1764 regna
1070 1719 1313 1748 vocemus,

145 1768 424 1823 Considant‚
449 1769 485 1814 si
511 1776 668 1814 tantus
693 1784 838 1824 amor,
867 1778 912 1815 et
937 1769 1111 1814 moenia
1132 1768 1358 1814 condant.

144 1835 223 1881 Sin
243 1834 358 1880 alios
380 1834 495 1880 fines
514 1834 749 1895 aliamque
774 1850 1025 1895 capessere
1052 1843 1239 1896 gentem

146 1901 230 1947 Est
254 1900 456 1956 animus,
478 1910 780 1962 poscuntque
803 1902 903 1945 solo
929 1901 1163 1947 decedere
1189 1910 1376 1955 nostr0;

145 1966 228 2014 Bis
249 1966 398 2013 denas
422 1967 543 2012 Italo
568 1975 782 2012 texamus
807 1968 973 2012 robore
999 1983 1160 2022 naves,

146 2033 235 2080 Seu
248 2033 405 2095 plures
417 2033 656 2094 complere
674 2032 858 2079 valent:
878 2034 1175 2093 jacetomnis
1194 2033 1252 2080 ad
1272 2034 1444 2081 undam

146 2099 407 2146 Materies:
434 2098 525 2161 ipsi
549 2114 890 2160 numerumque
917 2100 1210 2161 modumque
1236 2100 1404 2148 carinis

148 2164 467 2228 Praecipiant:
508 2181 592 2210 nos
617 2181 726 2218 aeia,
756 2182 936 2221 manus,
963 2167 1144 2212 navalia
1170 2168 1354 2213 demus.

147 2230 401 2286 Praeterea,
425 2231 508 2293 qui
533 2231 666 2277 dicta
691 2231 840 2278 ierant
861 2241 903 2278 et
926 2232 1101 2278 foedera
1120 2232 1325 2291 firment,
1350 2239 1445 2284 330

149 2297 352 2345 Centum
379 2306 592 2344 oratores
619 2297 768 2359 prima
792 2297 850 2344 de
876 2308 1016 2360 gente
1037 2300 1230 2346 Latinos

147 2363 220 2409 Ire
247 2365 421 2426 placet,
446 2364 673 2426 pacisque
695 2380 833 2410 manu
859 2367 1153 2427 praetendere
1180 2382 1369 2422 ramosf.

148 2431 349 2477 Munera
374 2438 621 2493 portantes
641 2431 896 2493 eborisque
915 2433 1118 2505 aurique
1135 2433 1330 2490 talenta,

149 2497 210 2544 Et
236 2497 392 2545 sellam
425 2497 555 2558 regni
580 2498 922 2560 trabeamque
913 2499 1108 2561 insignia
1132 2500 1298 2545 nostri.
