1586 2704
567 75 824 108 AENemos
864 75 971 106 ιιι).
1012 74 1086 105 xt.
1361 65 1451 106 351

170 187 382 234 Vulneris
407 186 676 248 impatiens,
701 196 883 233 arrecto
910 196 1101 247 pectore
1126 201 1290 233 crura:

167 254 380 300 Volvitur
402 254 478 298 illc
502 269 723 299 excussus
743 253 887 299 humi.
926 253 1117 298 Catillus
1146 254 1291 307 Iolan‚
1359 250 1458 300 640

163 317 505 381 Ingentemque
531 319 714 373 animis,
740 319 973 381 ingentem
1001 335 1198 379 corpore
1222 327 1269 363 et
1299 319 1454 373 armis,

166 386 346 446 Dejicit
371 385 698 432 Herminium:
744 385 871 430 nudo
897 385 972 430 cui
999 385 1172 429 vertice
1195 383 1325 430 fulva

166 452 407 506 Caesaries,
434 451 643 512 nudique
671 451 880 497 humeri:
919 467 1006 496 nec
1032 450 1222 495 vulnera
1247 458 1434 496 terrent.

165 517 351 562 Tantus
367 516 548 561 inarma
569 525 715 578 patet.
755 517 899 562 Latos
922 516 1028 562 huic
1051 516 1188 561 hasta
1205 530 1290 576 per
1305 532 1458 562 armos

163 586 288 629 Acta
313 583 486 638 tremit,
517 583 826 644 duplicatque
852 583 998 628 virum
1026 580 1249 627 transfixa
1273 581 1455 629 dolore.

164 649 395 694 Funditur
415 657 516 694 ater
541 649 716 709 ubique
735 663 900 694 cruor:
938 648 1054 694 (lant
1081 647 1243 693 funera
1271 647 1393 693 ferro

163 715 428 769 Certantes‚
455 714 799 776 pulchramque
819 723 988 776 petunt
1015 729 1096 774 per
1122 714 1311 759 vulnera
1335 729 1460 758 mor-

229 783 294 826 At
321 780 496 826 medias
522 782 641 826 inter
665 781 818 826 caedes
843 780 1022 826 exultat
1049 783 1280 834 Amazon,
1322 780 1457 842 [tem.

162 846 320 893 Unum
348 855 506 892 exerta
530 847 651 892 latus
672 862 860 909 pugnae,
887 847 1155 907 pharetrata
1178 845 1393 891 Camilla.

163 913 224 958 Et
248 928 370 958 nunc
397 913 520 958 lenta
543 928 680 958 manu
710 928 934 973 spargens
958 912 1142 956 hastilia
1157 911 1338 965 denset,
1365 910 1461 960 650

162 977 303 1024 Nunc
330 978 528 1023 validam
556 978 719 1024 dextra
743 979 864 1039 rapit
887 977 1119 1023 indefessa
1147 977 1414 1037 bipennem.

161 1045 347 1089 Aureus
373 1060 430 1090 ex
453 1045 645 1090 humero
672 1053 814 1090 sonat
838 1060 989 1099 arcus,
1016 1052 1063 1088 et
1088 1059 1214 1088 arma
1243 1043 1425 1088 Dianae.

162 1109 243 1154 Illa
271 1109 427 1165 etiam,
457 1110 495 1155 si
523 1112 710 1171 quando
735 1110 778 1155 in
808 1119 987 1171 tergum
1017 1109 1156 1170 pulsa
1182 1109 1392 1165 recessit,

162 1175 355 1237 Spicula
381 1191 609 1221 converso
637 1176 861 1237 fugientia
887 1175 1044 1240 dirigit
1068 1190 1196 1221 arcu.

161 1244 224 1288 At
248 1241 426 1287 circum
450 1243 587 1288 lectae
615 1243 830 1296 comites,
859 1242 1119 1302 Larinaque
1147 1241 1293 1299 virgo,

160 1307 415 1368 Tullaque,
440 1317 486 1353 et
507 1317 692 1353 aeratam
721 1308 934 1369 quatiens
952 1307 1157 1366 Tarpeia
1183 1307 1404 1364 securim,

163 1373 382 1419 Italides:
421 1389 538 1434 quas
559 1373 660 1434 ipsa
685 1374 831 1419 decus
857 1373 944 1418 sibi
971 1374 1049 1418 (lia
1075 1373 1278 1420 Camilla

162 1438 372 1500 Detegit,
400 1440 627 1499 pacisque
656 1440 802 1485 bonas
832 1439 1038 1499 bellique
1067 1439 1315 1486 ministras.

164 1504 338 1557 Quales
363 1506 619 1560 Tlirei'ciae,
645 1505 753 1550 cum
782 1505 973 1550 flumina
997 1505 1364 1551 Thermodontis

163 1569 374 1626 Pulsant,
400 1578 446 1616 et
472 1571 611 1632 pictis
634 1571 869 1617 bellantur
888 1576 1152 1616 Amazones
1170 1572 1310 1616 armis
1330 1589 1340 1624 ;
1366 1568 1463 1620 660

162 1636 256 1681 Seu
283 1635 461 1682 circuni
488 1637 799 1698 Hippolyten,
827 1653 907 1682 seu
931 1637 1035 1683 cum
1064 1653 1112 1681 se
1132 1639 1303 1683 Martia
1325 1654 1463 1684 curru

163 1701 457 1748 Penthesilea
480 1703 638 1759 refert,
665 1719 930 1764 magnoque
956 1703 1165 1750 ululante
1192 1704 1399 1749 tumultu

162 1767 400 1814 Foeminea
425 1768 638 1815 exultant
665 1769 833 1815 lunatis
860 1770 1043 1830 agmina
1068 1770 1221 1829 peltis,
1291 1771 1463 1834 [virgo‚

229 1834 382 1887 Quem
427 1834 522 1880 telo
547 1835 763 1895 primum,
791 1851 929 1896 quem
970 1844 1277 1897 postremum,
1303 1851 1466 1896 aspera

162 1899 377 1957 Dejicis?
397 1909 477 1946 aut
502 1909 618 1961 quot
639 1901 769 1946 humi
789 1902 1029 1946 morientia
1051 1918 1253 1962 corpora
1276 1901 1464 1947 fundis'l

162 1965 395 2010 Eunaeum
424 1966 579 2026 Clytio
606 1966 806 2026 primum
837 1977 996 2026 patre:
1037 1968 1174 2027 cujus
1193 1978 1410 2029 apertum

164 2032 367 2077 Adversi
394 2031 531 2091 long-22
558 2033 905 2078 transverberat
930 2034 1082 2078 abiete
1109 2042 1292 2094 pectus.

164 2097 413 2158 Sanguinis
441 2099 516 2144 ille
536 2114 730 2145 vomens
749 2099 869 2144 rivos
888 2099 1031 2153 cadit,
1051 2108 1196 2160 atque
1219 2106 1467 2146 cruentam

168 2163 354 2209 Maudtt
373 2168 587 2221 humum,
615 2168 907 2226 moriensque
922 2182 1006 2211 suo
1024 2166 1131 2211 sein
1156 2166 1345 2212 vulnere
1364 2182 1467 2212 ver-

297 2239 384 2276 sat.
1296 2233 1465 2295 [bonas

165 2294 290 2341 Tum
318 2295 442 2342 Lirin
471 2296 797 2359 Pagasumque
816 2299 981 2359 super:
1020 2313 1220 2360 quorum
1247 2298 1364 2343 alter
1383 2298 1470 2342 ba-

168 2360 381 2408 Snffosso
423 2363 661 2409 revolutus
688 2364 950 2426 equo‚dum
978 2364 1154 2425 colligit
1198 2364 1314 2410 alter
1369 2360 1462 2417 671

169 2427 294 2473 Dum
322 2428 460 2483 subit,
484 2445 541 2476 ac
566 2429 777 2477 dextram
804 2430 980 2476 labenti
1018 2431 1168 2478 tendit
1195 2431 1435 2487 inermem,
