1607 2700
576 74 816 112 AExssmos
851 73 959 108 Lm.
1001 75 1074 109 ιν.
1380 67 1465 114 177

170 194 408 241 Pubentes
432 191 607 248 herbae,
634 192 752 252 nigri
776 208 884 238 cum
911 194 1033 239 lacte
1060 192 1238 238 vem-ni.

171 259 412 315 Quaeritur
434 268 481 304 et
507 259 741 305 nascentis
766 258 877 321 equi
901 258 960 306 de
984 258 1135 304 fronte
1172 259 1405 314 revulsus,

174 327 234 371 Et
258 324 390 370 matri
417 333 677 386 praereptus
701 341 846 371 amor.

171 392 283 451 Ipsa
306 390 428 437 mola
457 391 768 451 manibusque
793 390 898 453 piis,
925 390 1089 436 altaria
1107 389 1267 449 juxta,

170 458 326 505 Unum
347 465 486 503 exuta
511 458 676 518 pedem
702 457 886 513 vincliS‚
908 457 951 502 iu
970 465 1099 503 veste
1125 456 1352 512 recincta,

152 523 390 583 ‚Testatur
415 524 641 570 moritura
666 524 811 580 DeOS,
838 532 884 570 et
909 523 1102 570 conscia
1126 521 1210 567 fati
1377 528 1469 577 519

171 588 366 636 Sidera:
406 598 521 646 tum,
549 591 587 636 si
612 590 741 652 quod
767 606 857 637 non
882 605 1021 652 aequo
1047 588 1226 635 foedere
1260 601 1468 634 amantes

169 655 306 702 Cura:
331 671 504 703 numen
530 658 672 704 habet
689 657 971 718 justumque
996 671 1286 716 memorque,
1312 670 1472 716 preca-

303 730 394 769 tur.

234 788 344 832 Nox
360 796 476 844 erat,
502 795 551 835 et
570 788 813 850 placidum
834 787 1099 849 carpebant
1118 785 1239 833 fessa
1257 801 1472 848 soporem

171 854 386 916 Corpora
411 871 495 917 per
518 862 682 911 terras,
709 855 934 916 silvaeque
958 861 1007 900 et
1031 869 1154 899 saeva
1179 852 1397 914 quierant

171 921 405 981 AEquora;
446 921 555 967 cuni
576 921 732 967 medio
756 919 1009 966 volvuntur
1033 918 1186 965 sidera
1209 919 1374 979 lapsu;

171 985 291 1032 Cum
316 995 442 1033 tacet
461 987 610 1033 omnis
644 1002 769 1049 ager,
809 985 1035 1049 pecudes,
1073 985 1313 1048 pictaeque
1338 984 1475 1031 volu-

299 1068 418 1109 cres,

174 1118 393 1180 Quaeque
411 1120 540 1166 lacus
556 1119 649 1167 late
666 1118 888 1182 liquidos,
907 1134 1112 1181 quaeque
1132 1134 1301 1180 aspera
1319 1117 1474 1164 dumis

174 1184 302 1230 Rura
327 1194 502 1242 tenent,
528 1203 693 1233 somno
718 1185 884 1247 positae
910 1186 996 1232 sub
1023 1195 1163 1232 nocte
1189 1185 1345 1231 silenti

169 1250 400 1299 Lenibant
425 1269 577 1309 συνῇς,
599 1261 645 1299 et
670 1253 817 1299 corda
839 1251 986 1298 oblita
1013 1252 1243 1298 laborum.

169 1318 231 1363 At
253 1334 344 1363 non
371 1318 532 1365 infelix
558 1319 696 1364 animi
721 1318 962 1365 Phoenissa
986 1335 996 1372 ;
1051 1335 1206 1379 neque
1233 1333 1441 1379 unquam

169 1382 378 1429 Solvitur
401 1385 446 1430 iu
466 1401 672 1440 somnos,
699 1385 907 1431 oculisve
931 1392 1008 1429 aut
1035 1394 1228 1445 pectore
1255 1393 1442 1430 noctem

169 1450 395 1511 Accipit:
436 1451 721 1513 ingeminant
752 1467 896 1505 curae,
923 1466 1175 1512 rursusque
1192 1466 1441 1512 resurgens

170 1515 311 1563 Saevit
335 1532 481 1572 amor,
511 1534 774 1578 magnoque
791 1517 957 1562 irarum
982 1515 1180 1562 fluctuat
1205 1526 1340 1562 aestu.
1380 1523 1474 1564 532

235 1583 312 1629 Sic
336 1582 457 1629 adeo
495 1584 683 1639 insistit,
719 1597 978 1643 secumque
1004 1583 1068 1627 ila
1094 1583 1239 1629 corde
1265 1583 1474 1629 volutat:

172 1649 238 1694 En
261 1649 273 1695 ‚l
313 1649 426 1710 quid
451 1652 572 1710 ago?
609 1666 833 1696 rursusne
861 1665 1032 1710 procos
1056 1648 1188 1695 irrisa
1214 1648 1393 1709 priores

169 1715 425 1777 Experiar?
451 1715 822 1777 Nomadumque
833 1722 993 1777 petam
1007 1716 1244 1762 connubia
1258 1715 1472 1777 supplex,

169 1784 302 1835 Quos
327 1798 414 1843 ego
440 1782 525 1830 siin
551 1783 689 1830 toties
707 1783 810 1844 jam
837 1781 1093 1842 dedignata
1119 1782 1344 1828 maritos?

173 1849 334 1894 Iliacas
360 1849 499 1911 igitur
524 1851 700 1896 classes
726 1859 868 1910 atque
896 1848 1056 1893 ultima
1076 1847 1322 1894 Teucrum

169 1915 311 1961 Jussa
335 1917 538 1978 sequar?
575 1916 746 1978 quiaue
776 1914 946 1960 auxilio
980 1913 1121 1973 juvat
1144 1915 1251 1960 aute
1278 1914 1473 1968 levatos,

172 1982 233 2027 Et
257 1981 375 2028 bene
407 1982 537 2045 apud
564 1998 794 2028 memores
823 1982 989 2027 veteris
1010 1987 1104 2028 stat
1128 1981 1271 2040 gralia
1298 1980 1444 2025 facti?

173 2047 291 2103 Quis
325 2064 395 2094 me
431 2057 602 2106 autem,
629 2048 703 2095 sac
746 2048 880 2105 velle,
920 2046 1076 2094 sinet?
1122 2048 1357 2095 ratibusve
1401 2063 1477 2091 su-

303 2116 463 2176 perbis
1385 2119 1477 2156 540

174 2180 372 2228 Invisam
399 2181 641 2244 accipiet?
679 2180 849 2236 nescis,
878 2181 985 2236 heu,
1013 2179 1216 2241 perdita,
1243 2179 1443 2225 necdum

175 2248 539 2295 Laomedonteae
565 2248 706 2294 scutis
732 2247 935 2308 perjuria
963 2246 1149 2309 gentis?

178 2314 304 2367 Quid
324 2317 458 2363 tum?
495 2315 595 2361 sola
621 2314 729 2376 fuga
756 2321 923 2360 nautas
956 2312 1221 2358 comitabor
1245 2310 1479 2357 ovantes?

181 2382 249 2426 Λι]
276 2380 452 2442 Tyriis,
478 2381 705 2443 omnique
732 2395 870 2425 manu
896 2378 1069 2440 stipata
1105 2395 1312 2425 meorum

176 2446 388 2494 luserat?
422 2457 468 2495 et
493 2464 611 2511 quos
644 2445 836 2494 Sidonia
865 2445 937 2490 vix
965 2446 1078 2492 urbe
1108 2445 1282 2500 revelli,
