1607 2700
597 91 837 125 AENEIDOS
874 94 986 128 1213.
1028 93 1104 127 IX.
1399 83 1483 121 299

186 208 396 255 Desidiae
422 208 584 257 cordi:
615 208 760 266 juvat
783 206 1026 267 indulgere
1051 207 1234 253 choreis
1256 225 1268 262 ;

184 274 244 320 Et
267 274 440 320 tunicae
466 273 678 318 manicas
704 281 754 318 et
779 273 955 318 habent
982 273 1260 318 redimicula
1283 272 1455 320 mitrae.

184 340 229 385 ί)
248 340 354 385 vere
376 339 608 402 Phrygiae,
625 355 780 399 neque
800 339 922 384 enim
945 339 1155 401 Phryges
1177 339 1270 384 lite
1291 355 1376 402 per
1395 338 1492 386 alta

187 406 446 466 Dindyma,
472 405 553 450 ubi
579 405 776 451 assuetis
802 405 1000 451 biforem
1029 406 1108 450 dat
1136 405 1251 450 tibia
1278 413 1489 453 cantum.

188 470 437 532 Tympana
457 487 538 517 vos
552 472 801 533 buxusque
816 479 985 517 vocant
1000 470 1315 531 Berecynthia
1335 471 1491 517 matris

188 535 349 583 ldaeae.
419 536 564 582 Sinite
590 554 720 583 arma
746 537 870 593 viris,
894 545 942 583 et
967 536 1121 582 cedite
1147 536 1289 582 ferm.
1394 535 1493 587 620

251 602 384 647 Talia
403 602 673 661 jactantem
702 604 861 659 dictis,
888 619 944 649 ac
970 603 1066 648 dira
1096 612 1345 648 canentem

187 667 297 714 Non
324 669 434 714 tulit
458 670 696 715 Ascanius
718 685 728 720 ;
768 685 1011 730 nervoque
1037 669 1261 714 obversus
1286 668 1461 729 equino

187 733 446 780 Contendit
472 736 636 792 telum,
662 736 945 797 diversaque
973 735 1166 781 brachia
1191 734 1392 791 ducens,

188 801 415 847 Constitit.
439 802 544 847 ante
571 802 736 848 Jovem
764 801 967 864 supplex
994 818 1079 863 per
1105 810 1211 846 vota
1239 810 1494 862 precatus:

186 867 376 928 Jupiter
400 867 718 928 omnipotens,
742 867 1007 913 audacibus
1033 883 1184 912 annue
1209 869 1400 927 coeptis.

189 933 299 993 Ipse
325 933 411 979 tibi
437 933 496 979 ad
522 943 602 980 tua
627 934 805 994 templa
835 933 982 979 feram
1010 933 1221 978 solennia
1246 933 1393 988 dona,

186 999 247 1044 Et
272 1007 477 1045 statuam
504 1009 611 1045 ante
637 1015 742 1045 aras
767 1000 934 1045 aurata
960 1000 1112 1045 fronte
1131 1000 1392 1058 juvencum

187 1064 791 1127 Candenten1‚pariterque
806 1074 951 1126 caput
967 1081 1075 1111 cum
1095 1075 1239 1110 matre
1252 1064 1498 1121 ferentem,

185 1129 290 1176 Jam
319 1147 465 1177 cornu
492 1140 643 1193 petat,
665 1140 712 1177 et
731 1132 938 1192 pedibus
965 1132 1046 1193 qui
1075 1141 1263 1194 spargat
1288 1148 1496 1177 arenam.

253 1198 434 1253 Audiit,
461 1207 507 1244 et
531 1198 635 1244 coeli
661 1199 843 1258 genitor
870 1198 928 1244 de
954 1207 1089 1260 parte
1116 1197 1279 1244 serena
1401 1199 1499 1245 630

187 1263 403 1310 Intonuit
431 1263 618 1310 laevum.
691 1265 840 1310 Sonat
866 1264 958 1310 una
987 1265 1012 1305 t}
1031 1263 1137 1310 tifer
1161 1279 1317 1319 arcus,

191 1330 254 1376 Et
279 1328 400 1391 fugit
428 1329 717 1376 horrendum
744 1331 948 1376 stridens
971 1332 1184 1378 adducta
1206 1334 1377 1392 Sagitta

189 1395 370 1454 Perque
395 1405 539 1458 caput
568 1395 755 1442 Remuli
779 1397 986 1453 venit,et
1012 1412 1127 1442 cava
1145 1405 1359 1457 tempora
1376 1396 1498 1442 ferro

188 1461 408 1521 Trajicit.
467 1463 503 1518 l,
528 1463 684 1508 verbis
712 1463 931 1508 virtutem
959 1462 1106 1508 illude
1131 1463 1365 1524 superbis.

192 1527 270 1573 Bis
282 1528 408 1588 capti
429 1529 641 1591 Phryges
664 1529 766 1575 haec
785 1529 975 1574 Rutulis
991 1544 1215 1589 responsa
1235 1530 1499 1576 remittunt.

190 1594 310 1640 Haec
326 1594 508 1640 tantum
525 1596 777 1641 Ascanius.
802 1595 981 1641 Teucri
996 1595 1203 1640 clamore
1221 1607 1499 1656 sequnntur,

190 1659 475 1721 Laetitifique
500 1659 724 1717 fremunt,
743 1662 1020 1723 animosque
1044 1660 1102 1707 ad
1131 1661 1288 1707 sidera
1310 1663 1499 1708 tollunt.

255 1726 466 1772 AEiheria
492 1734 592 1773 tum
622 1726 742 1772 forte
770 1727 908 1789 plaga
934 1727 1132 1773 crinitus
1157 1728 1330 1786 Apollo

191 1791 414 1854 Desuper
441 1793 675 1838 Ausonias
701 1793 828 1839 acies
855 1794 1120 1854 urbemque
1147 1794 1355 1849 videbat,
1405 1793 1500 1849 639

193 1858 338 1904 Nube
361 1858 563 1911 sedens:
600 1868 746 1920 atque
772 1859 841 1904 his
863 1860 1085 1905 victorem
1111 1858 1284 1906 affatur
1311 1860 1462 1906 lulum
1489 1877 1499 1906 ε

193 1925 358 1970 Macte
383 1941 507 1971 nova
534 1925 725 1981 virtute,
752 1941 901 1986 puer:
940 1926 1010 1971 sic
1037 1926 1130 1972 itur
1154 1926 1212 1971 ad
1240 1935 1384 1981 astra,

195 1990 284 2037 Dis
310 1992 484 2052 genite,
510 1999 557 2037 et
583 1993 793 2053 geniture
823 1992 965 2037 Deos.
1033 1992 1145 2037 Jure
1169 1994 1327 2038 omnia
1357 1994 1478 2040 bella

198 2057 357 2104 Gente
384 2059 472 2104 sub
501 2059 719 2104 Assaraci
747 2057 845 2103 fito
869 2066 1068 2104 ventura
1095 2058 1317 2105 resident.

197 2123 300 2169 Nec
327 2131 373 2170 te
393 2123 544 2184 Troja
572 2125 716 2185 capit.
789 2125 939 2170 Simul
974 2126 1077 2170 liaec
1103 2125 1292 2181 estatuS,
1317 2126 1378 2170 ab
1403 2125 1502 2170 alto

199 2189 388 2236 AEtbere
415 2206 463 2235 se
491 2190 650 2246 mittit,
677 2192 910 2252 spirantes
937 2192 1149 2237 dimovet
1173 2208 1330 2248 auras,

200 2257 557 2317 Ascaniumque
582 2258 736 2317 petit:
774 2257 924 2303 forma
950 2266 1048 2303 tum
1077 2258 1275 2303 vertitur
1300 2258 1395 2305 oris

200 2321 463 2383 Antiquum
490 2324 535 2368 in
565 2325 732 2369 Buten.
810 2324 899 2370 Hic
929 2324 1176 2370 Dardanio
1203 2327 1428 2370 Auchisae

199 2387 413 2448 Armiger
436 2390 546 2435 ante
569 2389 675 2446 fuit,
703 2389 925 2452 fidusque
950 2390 1008 2436 ad
1036 2391 1196 2437 limina
1222 2400 1416 2444 custos:

198 2452 326 2500 Tum
350 2457 571 2503 comitem
591 2457 796 2504 Ascanio
813 2467 950 2518 pater
965 2456 1168 2504 addidit.
1205 2457 1312 2504 Ibat
1330 2456 1504 2518 Apollo
