1607 2700
211 90 300 132 232
542 98 588 130 P.
630 97 879 130 VIRGILII
910 96 1175 131 MARONIS

212 216 383 263 Fixerit
404 216 660 278 aeripedem
685 233 869 264 cervam
891 217 1020 274 licet,
1048 224 1130 264 aut
1155 217 1441 280 Erymanthi

207 282 394 329 Pacarit
419 300 626 340 nemora,
656 296 702 330 et
727 286 931 331 Lernam
954 283 1271 331 tremefecerit
1294 301 1425 331 arcu.

206 349 309 395 Nec
337 350 420 412 qui
446 351 708 414 pampineis
734 352 886 396 victor
902 351 1023 411 juga
1047 350 1202 397 flectit
1228 351 1424 397 habenis

203 414 364 471 Liber,
393 433 536 479 agens
562 419 688 464 celso
714 418 845 463 Nisae
871 421 929 463 de
954 418 1128 464 vertice
1149 418 1308 479 tigres·

205 482 268 527 Et
293 483 570 529 dubitamus
596 484 757 529 adhuc
783 484 1003 530 virtutem
1029 485 1283 530 extendere
1310 482 1489 530 factis?

201 548 304 594 Aut
325 558 476 596 metus
502 551 716 596 Ausonia
743 549 966 610 prohibet
992 550 1253 598 consistere
1279 550 1399 597 terra
1421 550 1441 595 3
1470 556 1517 599 ‘ae'

268 616 386 669 Quis
412 618 581 677 procul
607 616 682 661 ille
707 624 883 671 autem,
910 617 1048 662 ramis
1073 617 1258 677 insignis
1284 617 1437 672 olivae,

200 682 345 727 Sacra
371 682 525 729 ferens
547 685 565 729 2
603 699 752 728 nosco
777 682 930 728 crines
955 683 1223 745 incanaque
1249 692 1406 730 menta

199 747 340 809 Regis
367 748 599 804 Romani:
638 749 817 810 primus
843 749 924 811 qui
948 749 1131 812 legibus
1159 749 1324 797 urbem
1427 757 1521 797 810

200 813 458 871 Fundabit,
484 815 692 862 Curibus
718 815 876 878 parvis
902 824 949 862 et
975 831 1185 879 paupere
1210 815 1334 862 terra

202 880 374 926 Missus
398 882 444 927 in
466 881 715 943 imperium
739 898 980 944 magnum.
1021 882 1110 929 Cui
1131 881 1304 928 deinde
1324 881 1520 938 subibit,

199 945 314 1006 Otia
338 949 420 1010 qui
445 957 630 1011 rumpet
655 949 833 1010 patriae,
859 949 1134 1011 residesque
1160 948 1372 995 movebit

195 1012 367 1059 Tullus
393 1015 437 1061 in
462 1031 595 1062 arma
619 1015 759 1071 viros,
785 1024 833 1061 et
852 1015 954 1076 jam
980 1015 1176 1061 desueta
1203 1014 1455 1076 triumphis

195 1080 414 1140 Agmina.
487 1083 642 1135 Quem
661 1081 805 1142 juxta
825 1081 1317 1143 sequiturjactantior
1335 1084 1520 1137 Ancus,

195 1145 338 1192 Nunc
369 1164 564 1209 quoque
597 1148 700 1210 jam
734 1148 931 1194 nimium
967 1148 1183 1211 gaudens
1209 1148 1522 1210 popularibus

329 1230 476 1260 anns.

199 1280 278 1325 Vis
303 1287 350 1326 et
373 1279 662 1342 Tarquinios
688 1297 836 1342 reges,
864 1281 1167 1343 animamque
1193 1281 1452 1343 superbam

201 1346 374 1394 Ultoris
397 1348 550 1404 Bruti,
579 1345 830 1408 fascesque
851 1347 1011 1394 videre
1035 1355 1263 1411 receptos
1285 1348 1304 1395 ’ἔ

195 1413 418 1460 Consulis
443 1412 692 1475 imperium
719 1413 792 1458 his
830 1414 1030 1475 primus,
1055 1430 1305 1477 saevasque
1331 1430 1520 1460 secures

194 1480 419 1542 Accipiet
441 1498 453 1535 ;
493 1489 727 1542 natosque
752 1489 903 1542 pater,
925 1497 1047 1526 nova
1073 1478 1486 1537 bella'fr'noventes,

194 1546 268 1592 Ad
290 1563 480 1609 poenam
507 1545 709 1609 pulchra
736 1561 823 1606 pro
848 1545 1069 1592 libertate
1095 1547 1308 1594 vocabit.
1425 1556 1511 1596 521

194 1612 365 1659 Infelix
386 1613 397 1660 !
427 1620 671 1674 utcunque
696 1610 847 1657 ferent
866 1627 921 1658 ea
944 1611 1074 1659 facta
1099 1613 1351 1670 minoresf:

193 1679 370 1727 Vincet
389 1695 522 1726 amor
545 1678 711 1741 patriae
734 1678 1024 1741 laudumque
1050 1680 1276 1726 immensa
1299 1679 1495 1743 cupido.

193 1746 323 1801 Quin
345 1747 543 1801 Decios,
567 1747 848 1809 Drusosque
866 1746 1051 1809 procul,
1068 1762 1343 1807 saevumque
1361 1763 1517 1793 securi

195 1813 371 1875 Aspice
390 1813 713 1876 Torquatum,
729 1822 778 1860 et
796 1812 1078 1860 referentem
1094 1812 1225 1875 signa
1247 1814 1518 1859 Camillum.

197 1879 295 1926 111ae
320 1888 494 1936 autem,
522 1880 715 1942 paribus
741 1896 859 1942 quas
882 1879 1060 1942 fulgere
1086 1879 1237 1925 cernis
1261 1880 1307 1925 in
1327 1881 1483 1935 armis·‚

195 1947 471 1994 Concordes
496 1949 668 1994 animae
687 1963 834 2003 nunc,
855 1954 904 1993 et
926 1946 1038 1993 duni
1060 1953 1199 1992 nocte
1219 1956 1515 2008 premuntur,

199 2015 302 2060 Heu
331 2023 564 2077 quantum
588 2014 711 2061 inter
736 2031 785 2060 se
808 2013 1002 2068 bellum,
1029 2012 1068 2058 si
1093 2012 1272 2058 lumina
1298 2012 1404 2058 vitae

195 2081 471 2143 Attigerint,
499 2089 702 2143 quantas
729 2080 855 2126 acies
881 2087 1187 2142 stragemque
1211 2077 1408 2122 ciebunt
1430 2078 1440 2123 !

198 2148 463 2209 Aggeribus
487 2163 622 2194 socer
646 2147 851 2209 Alpinis,
877 2154 1025 2209 atque
1049 2160 1157 2191 arce
1179 2143 1392 2189 Monoeci
1422 2151 1515 2192 830

200 2213 525 2267 Descendens;
565 2230 709 2276 gener
733 2212 943 2260 adversis
967 2211 1228 2258 instructus
1256 2209 1382 2254 Eois.

200 2281 286 2336 Ne,
315 2280 469 2341 pueri,
496 2296 552 2325 ne
578 2288 710 2326 tanta
735 2279 902 2326 animis
926 2277 1185 2325 assuescite
1206 2275 1326 2321 bella
1347 2292 1358 2330 ;

196 2347 303 2393 Neu
330 2346 495 2408 patriae
520 2345 701 2392 validas
727 2346 775 2394 in
801 2346 982 2393 viscera
1006 2343 1173 2390 vertite
1200 2342 1335 2388 vires,

193 2419 368 2479 Tuque
393 2415 537 2478 prior,
563 2424 614 2462 tu
643 2430 802 2478 parce,
828 2430 973 2477 genus
999 2411 1082 2474 qui
1106 2410 1239 2456 ducis
1266 2409 1480 2471 Olympo
1502 2425 1513 2459 ς

195 2485 383 2543 Projice
408 2484 504 2529 tela
530 2497 691 2537 manu,
718 2481 909 2543 sanguis
935 2494 1084 2525 meus.

267 2552 354 2599 Ille
372 2548 664 2610 triumphata
688 2547 927 2609 Capitolia
951 2545 1010 2591 ad
1031 2544 1126 2590 alta
1152 2541 1382 2590 Corintho
