1614 2694
570 93 867 129 nucoLrCA.
910 92 1027 126 ECL.
1069 92 1148 126 rx.
1453 82 1511 129 27

204 195 384 256 Sponte
409 189 506 247 sua,
533 188 646 235 dum
668 188 787 235 ferre
812 202 985 243 moror,
1025 187 1141 234 cinis
1168 187 1295 250 ipse;
1335 186 1514 233 bonum

335 257 395 302 sit
417 255 430 302 ἔ

203 323 380 370 Nescio
405 321 520 383 quid
549 322 680 368 certe
706 329 803 375 est3
841 329 888 368 et
913 319 1074 382 Hylax
1101 321 1146 366 in
1175 320 1331 366 limine
1356 322 1515 369 latrat.

201 389 480 436 Credimus?
506 404 584 444 au,
609 388 880 450 quiamant,
897 386 1517 450 ipsisibisotnniafingunt?

205 457 405 510 Parcite,
451 458 514 504 ab
552 455 668 502 urbe
708 457 835 504 venit
885 455 990 516 jam
1039 455 1240 514 parcite,
1289 456 1516 511 carmina,

335 521 573 584 Daphnis.
1241 558 1246 562 .
1427 529 1519 578 109

610 646 835 688 MOERIS.
895 648 1026 691 ECL.
1061 648 1138 690 IX.

671 745 900 808 Lycidas,
930 749 1121 796 Moeris.

206 868 296 902 ιγ.
369 839 508 904 QUO
534 861 597 907 te,
626 854 781 910 Moeri,
808 854 984 917 pedes?
1022 872 1098 912 an,
1138 856 1235 918 quo
1269 855 1340 901 via
1366 855 1518 912 ducit,

334 921 379 966 in
402 921 566 966 urbem
584 920 604 965 ἲ

209 1001 324 1034 MOE.
398 988 442 1033 O
470 986 670 1048 Lycida,
694 986 785 1032 vivi
812 988 1140 1050 pervenimu83
1162 987 1515 1044 advenanostri,

203 1053 348 1109 Quod
375 1069 619 1114 nunquam
642 1054 780 1100 veriti
808 1071 986 1110 sumuS,
1016 1065 1069 1102 ut
1089 1072 1336 1118 possessor
1361 1055 1496 1117 agelli

206 1122 418 1175 Diceret,
448 1120 566 1166 Haec
596 1136 699 1165 mea
727 1129 868 1175 sunt3
908 1130 1089 1169 veteres
1117 1122 1315 1183 migrate
1342 1122 1518 1168 coloni.

205 1188 349 1234 Nunc
370 1187 497 1243 victi,
527 1186 695 1241 tristes,
723 1189 947 1248 quoniam
974 1188 1071 1236 fors
1092 1190 1248 1235 omnia
1274 1197 1450 1244 versat,

206 1255 308 1300 Hos
333 1254 395 1300 illi
415 1252 565 1315 (qnod
593 1270 681 1299 nec.
704 1254 824 1301 bene
844 1258 1018 1315 vertat)
1044 1256 1272 1302 mittimus
1299 1254 1486 1301 haedos.

207 1333 301 1366 ιγ.
318 1355 331 1366 .
370 1321 510 1367 Certe
535 1319 758 1381 equidem
784 1321 1042 1376 audieram,
1071 1323 1163 1383 qna
1184 1339 1233 1368 se
1250 1321 1521 1368 subducere

207 1386 467 1448 Incipiunt,
487 1387 708 1447 mollique
726 1387 896 1449 jugum
917 1388 1163 1435 demittere
1184 1389 1328 1444 clivo,
1353 1389 1521 1451 [colles

210 1454 375 1515 Usque
395 1452 452 1498 ad
476 1468 649 1514 aquam
669 1462 717 1499 et
743 1464 941 1511 veteres,
955 1456 1060 1517 jam
1079 1455 1232 1502 fracta
1253 1456 1519 1511 cacumina,

341 1520 491 1580 fagos,

209 1587 381 1634 Omnia
401 1585 691 1632 carminibus
708 1592 913 1630 vestrum
928 1603 1135 1634 servasse
1150 1588 1438 1635 Menalcam.
1464 1596 1523 1635 10

210 1667 328 1701 MOE.
366 1653 616 1708 Audieras‚
637 1660 686 1698 et
708 1651 838 1699 fama
857 1651 971 1707 fuit;
1011 1655 1090 1700 sed
1108 1655 1316 1701 carmina
1336 1654 1523 1701 tantum

210 1721 391 1768 Nostra
404 1720 576 1774 valent,
594 1718 793 1782 Lycida,
819 1719 913 1766 tela
933 1721 1054 1767 inter
1075 1721 1272 1775 Martia,
1289 1722 1522 1784 quantinn

209 1788 447 1834 Chaonias
473 1786 656 1842 dicunt,
683 1784 841 1847 aquila
866 1788 1098 1844 veniente,
1118 1789 1389 1835 columbas.

210 1854 357 1908 Quod
396 1853 483 1900 nisi
509 1869 583 1899 me
611 1854 915 1915 quacumque
944 1871 1090 1900 novas
1116 1855 1326 1902 incidere
1350 1856 1457 1901 lites

209 1922 333 1967 Ante
359 1921 544 1968 sinistra
565 1921 683 1965 cava
710 1920 973 1966 monuisset
993 1921 1054 1966 ab
1076 1921 1181 1967 ilice
1203 1922 1394 1976 cornix3

209 1987 315 2034 Nec
342 1998 450 2034 tuus
478 1987 553 2033 hic
583 1986 761 2042 Moeris,
789 2003 877 2032 nec
905 1987 1081 2034 viveret
1107 1988 1208 2050 ipse
1232 1989 1490 2037 Menalcas,

211 2066 300 2102 LY,
375 2054 505 2101 Heu!
545 2052 669 2099 cadit
699 2053 744 2099 in
772 2070 1063 2117 quemquam
1101 2063 1287 2102 tantum
1330 2055 1524 2102 scelus?

343 2121 449 2176 lieu,
474 2129 554 2167 tua
579 2120 717 2165 nobis

211 2186 337 2233 Pene
363 2187 504 2235 simul
526 2196 680 2233 tecum
707 2187 871 2233 solatia
892 2196 1043 2248 rapta,
1074 2187 1319 2236 Menalca!
1346 2188 1526 2251 [herbis

212 2253 333 2308 Quis
351 2262 544 2300 caneret
568 2253 853 2316 Nymphas?
890 2254 996 2316 quis
1021 2254 1217 2301 humum
1243 2254 1525 2301 florentibus

213 2320 499 2382 Spargeretl
522 2327 605 2367 aut
625 2319 761 2366 viridi
781 2321 938 2366 fontes
964 2320 1208 2368 induceret
1232 2321 1426 2368 umbra?
1464 2327 1523 2369 ‘20

216 2387 301 2431 Vel
326 2403 434 2450 quae
460 2387 641 2449 sublegi
668 2386 840 2433 tacitus
866 2386 954 2432 tibi
975 2388 1184 2434 carmina
1209 2404 1377 2451 nuper,

216 2452 341 2498 Cum
367 2461 412 2500 te
436 2453 495 2500 ad
522 2452 722 2500 delicias
747 2452 890 2499 ferres
910 2454 1201 2513 Amaryllida
1221 2456 1438 2501 nostras?

218 2517 400 2578 Tityre,
427 2519 541 2566 dum
567 2518 728 2576 redeo,
751 2519 906 2566 brevis
928 2530 999 2566 est
1019 2520 1107 2576 via,
1128 2537 1271 2584 pasce
1290 2520 1524 2580 capellas·
