1586 2704
539 145 823 180 JENEIDOS
862 147 977 179 Lm.
1015 147 1045 177 x
1353 125 1442 165 31¹

155 243 277 290 Hinc
304 259 497 306 quoque
523 243 802 306 quingentos
827 244 873 289 in
906 260 955 288 se
985 244 1250 290 Mezentius
1275 252 1443 298 armat,

150 308 289 361 Quos
315 318 448 370 patre
469 311 673 365 Benaco,
701 311 878 355 velatus
899 309 1125 354 arundine
1150 310 1333 370 glauca,

150 375 355 420 Mincius
378 375 548 421 infesta
574 376 787 422 ducebat
810 376 855 420 in
883 391 1073 436 aequora
1100 377 1233 437 pinu.

212 441 256 486 1t
280 442 435 501 gravis
461 442 982 502 Aulestes,centenaque
1006 441 1171 487 arbore
1192 440 1391 487 fluctum

145 505 377 552 Verberat
397 524 677 569 assurgens:
716 516 933 568 spumant
958 507 1076 552 vada
1096 523 1324 552 marmore
1341 523 1441 552 ver-

146 571 289 620 Hunc
315 574 444 619 vehit
464 576 678 620 immanis
695 574 877 630 Triton,
895 582 941 619 et
957 573 1128 619 coerula
1147 573 1330 618 concha
1351 574 1441 634 [so.

145 637 397 685 Exterrens
424 639 570 686 freta:
607 641 681 686 cui
710 641 904 686 laterum
932 649 1065 686 tenus
1097 639 1282 699 hispida
1311 640 1441 685 nanti

145 702 293 748 Frons
319 705 555 752 hominem
579 706 785 768 praefert,
811 707 855 752 in
881 706 1043 767 pristin
1070 704 1244 751 desinit
1266 705 1421 761 alvus,

144 768 350 828 Spumea
363 772 579 818 semifero
593 774 680 818 sub
697 782 888 834 pectore
907 780 1166 818 murmurat
1186 771 1331 817 unda.
1348 776 1442 820 212

142 832 237 881 Tot
259 835 369 883 lecti
395 854 616 898 proceres
643 840 857 884 terdenis
879 839 1074 883 navibus
1098 838 1157 882 ib
1151 845 1230 882 int

143 901 367 948 Subsidio
390 904 567 964 Trojae,
592 914 638 950 et
665 921 863 967 campos
883 904 990 950 salis
1017 920 1107 949 aere
1133 904 1377 950 secabant.

205 968 412 1031 Jamque
437 970 534 1016 dies
560 972 679 1017 coelo
703 978 1023 1024 concesserat,
1048 970 1264 1030 almaque
1290 984 1432 1015 curru

142 1032 415 1096 Noctivago
440 1037 616 1083 Phoebe
643 1037 851 1082 medium
879 1036 1097 1097 pulsabat
1122 1035 1410 1097 Olympum;

127 1101 312 1147 *AEneas
336 1108 510 1163 (neque
535 1103 658 1147 enim
688 1103 909 1148 membris
936 1102 1016 1147 dat
1043 1117 1157 1147 cura
1182 1102 1412 1162 quietem)

145 1166 251 1225 Ipse
277 1168 446 1213 sedens
472 1169 753 1230 clavumque
777 1168 916 1230 regit,
941 1168 1150 1228 velisque
1177 1168 1425 1212 ministrat.

127 1234 301 1293 ,Atque
321 1234 382 1279 illi
409 1234 565 1280 medio
592 1235 635 1280 iu
663 1235 831 1295 spatiO,
858 1236 1031 1280 chorus
1050 1250 1161 1279 ecce
1187 1249 1377 1279 suarum

143 1298 364 1345 Occurrit
389 1301 634 1357 comitum,
665 1301 917 1362 Nymphae,
944 1317 1063 1361 quas
1089 1299 1210 1345 alma
1237 1299 1418 1362 Cybele

143 1364 330 1410 Numen
355 1366 527 1412 habere
549 1367 706 1422 maris,
724 1366 1070 1428 Nymphasque
1090 1383 1113 1412 e
1128 1365 1326 1411 navibus
1339 1381 1443 1413 esse

142 1430 369 1487 Jusserat,
394 1432 622 1479 innabant
648 1433 838 1494 pariter,
865 1431 1132 1494 fluctusque
1159 1432 1419 1483 secabant:

148 1496 274 1549 Quot
301 1498 428 1559 prius
454 1508 613 1545 aeratae
638 1507 858 1544 steterant
883 1499 940 1543 ad
962 1499 1118 1544 littora
1144 1513 1310 1558 prorae.
1348 1503 1442 1547 223

144 1564 428 1621 Agnoscunt
452 1564 587 1625 lonae
612 1581 784 1626 regem,
808 1571 1105 1625 lustrantque
1131 1564 1331 1611 choreis.

144 1629 354 1684 Quarum
383 1646 490 1690 quae
517 1629 647 1676 fandi
666 1631 959 1686 doctissima,
987 1630 1312 1704 Cymodocea,

143 1695 269 1742 Pone
286 1711 503 1757 sequens,
518 1696 685 1742 dextra
709 1697 908 1759 puppim
925 1705 1070 1753 tenet,
1089 1696 1280 1758 ipsaque
1296 1696 1442 1742 dorso

144 1761 350 1816 Eminet,
375 1778 432 1808 ac
459 1763 578 1809 laeva
604 1764 755 1809 tacitis
782 1764 1072 1825 subremigat
1092 1762 1242 1808 untliS.

142 1826 266 1873 Tum
293 1829 362 1875 sic
389 1830 599 1890 ignarum
626 1829 910 1890 alloquitur:
949 1830 1203 1891 Vigilasne,
1230 1827 1384 1874 Deum

141 1894 325 1940 AEnea'?
364 1895 520 1956 vigila,
546 1903 594 1941 et
613 1896 725 1940 velis
754 1895 951 1941 immitte
978 1895 1216 1942 rudentes·
1288 1897 1440 1957 [gens,

140 1961 243 2006 Nos
269 1977 430 2007 sumus
457 1961 598 2007 Idaeae
625 1977 759 2007 sacro
775 1965 833 2007 de
861 1962 1036 2007 vertice
1063 1961 1219 2022 pinus,
1345 1966 1440 2008 230

142 2026 280 2072 Nunc
308 2027 459 2088 pelagi
477 2028 735 2089 Nympliae,
754 2027 918 2073 classis
939 2037 1034 2074 tua.
1052 2026 1270 2073 Perfidus
1290 2035 1338 2071 ut
1355 2041 1439 2072 nos

144 2092 413 2167 Praecipites
439 2094 561 2140 ferro
588 2094 790 2139 Rutulus
815 2093 1099 2154 flammaque
1127 2093 1405 2154 premebam

144 2159 372 2220 Rupimus
399 2159 557 2207 invitae
584 2169 661 2206 tua
691 2161 892 2215 xincula,
919 2170 1059 2220 teque
1086 2176 1169 2220 per
1193 2175 1358 2221 aequor

140 2225 425 2276 Quaerimus.
442 2228 580 2273 Hanc
598 2226 817 2272 Genitrix
834 2227 1002 2272 faciem
1023 2226 1239 2272 miserata
1257 2224 1438 2279 refecit,

138 2290 196 2335 Et
222 2290 350 2338 dedit
376 2309 476 2338 esse
505 2294 649 2349 Deas,
675 2309 923 2355 aevumque
946 2293 1118 2354 ao'uare
1144 2293 1235 2338 sub
1261 2291 1414 2338 undis.

136 2359 198 2402 At
226 2373 341 2417 puer
365 2360 592 2405 Ascanius
612 2376 745 2404 muro
771 2359 1006 2419 fossisque
1032 2367 1222 2405 tenetur

135 2423 254 2470 'l'vla
279 2426 398 2470 inter
423 2426 593 2481 media,
613 2436 754 2487 atque
778 2426 1019 2472 horrentes
1042 2425 1195 2472 Marte
1222 2423 1433 2472 Latinos.

136 2490 240 2536 Jani
266 2490 521 2551 locajussa
548 2501 709 2539 tenent
734 2492 839 2539 forti
864 2492 1123 2554 permixtus
1150 2493 1351 2538 Etrusco
