1607 2700
522 84 782 119 AENEIDOS
826 84 934 117 Lus.
975 85 1049 118 VI.
1347 81 1435 121 231

120 209 184 254 Et
209 208 383 270 Capys,
411 213 458 251 et
482 204 724 259 Numitor,
748 211 795 249 et
820 205 902 266 qui
930 213 973 249 te
1000 205 1186 252 nomine
1220 207 1406 264 reddet,

119 275 292 321 Silvius
312 273 512 325 AEneas;
550 271 732 332 pariter
757 271 928 330 pietate
955 272 1028 316 vel
1055 273 1195 319 armis
1345 275 1441 331 769

119 340 365 402 Egregius,
382 339 420 385 si
438 354 649 401 unquam
671 337 958 398 regnandam
980 341 1228 400 acceperit
1249 342 1440 390 Albam.

118 406 437 467 Quijuvenes
462 411 665 467 quantas
691 412 950 459 ostentant,
979 405 1162 466 aspice,
1194 409 1338 456 vires!

117 477 179 519 At
206 473 289 534 qui
313 472 535 519 umbrata
559 478 731 532 gerunt
756 470 881 517 civili
904 479 1122 531 tempora
1148 490 1344 534 quercu,

115 540 179 586 Hi
193 540 279 586 tibi
293 541 604 593 Nomentum,
620 537 882 594 etGabios‚
900 538 1166 599 urbemque
1180 541 1434 598 Fidenam;

114 606 178 652 Hi
203 606 466 654 Collatinas
485 606 733 667 imponent
761 605 1004 651 montibus
1030 621 1181 662 arces,
1305 609 1437 670 [que,

116 674 368 728 I'ometiOS,
394 675 714 734 Castrumque
753 672 877 726 Inui,
918 672 1201 733 Bolamque,
1243 674 1438 721 Coram-

116 740 232 786 Haec
256 748 358 787 tum
384 743 575 787 nomina
599 746 751 792 erunt,
779 754 904 784 nunc
949 747 1061 785 sunt
1100 740 1200 786 sine
1244 742 1435 787 nomine

247 816 401 854 terrae.

112 873 239 926 Quin
262 882 310 920 et
334 891 425 921 avo
452 873 674 920 comitem
703 888 807 919 sese
834 873 1100 918 Mavortius
1127 873 1275 920 addet

111 940 356 997 Romulus,
384 941 604 987 Assaraci
631 955 773 1000 quem
801 939 1043 1000 sanguinis
1071 940 1155 985 llia
1177 952 1327 986 mater

111 1006 317 1054 Educet.
389 1007 561 1053 Viden'
588 1016 638 1053 ut
663 1006 864 1067 geminae
890 1014 1017 1051 stant
1044 1007 1223 1052 vertice
1249 1008 1422 1062 erisne,

110 1075 172 1119 Et
194 1082 335 1134 pater
350 1074 452 1136 ipse
476 1090 567 1120 suo
586 1071 921 1135 superfimjam
942 1073 1098 1134 signat
1117 1074 1325 1121 honore?
1342 1082 1438 1128 780

109 1142 180 1186 En
208 1140 369 1201 hujus,
399 1149 527 1196 nate,
556 1140 782 1202 auspiciis
808 1140 888 1186 iila
914 1139 1094 1202 inclyta
1121 1141 1276 1187 Roma

110 1208 367 1268 Imperium
395 1209 544 1264 terris.
575 1208 756 1252 animos
782 1207 992 1268 aequabit
1019 1206 1246 1268 Olympo,

111 1275 408 1338 Septemque
435 1291 528 1321 una
555 1274 645 1319 sibi
671 1290 809 1320 muro
837 1273 1157 1319 circumdabit
1182 1290 1335 1330 arces,

111 1342 242 1387 Felix
265 1344 394 1401 prole
423 1342 572 1387 virum
595 1357 607 1385 :
646 1340 798 1402 qualis
828 1340 1145 1401 Berecynthia
1171 1351 1323 1388 mater

109 1407 355 1454 Invehitur
380 1424 521 1454 curru
549 1408 775 1468 Phrygias
804 1406 967 1452 turrita
992 1422 1072 1466 per
1099 1408 1258 1463 urbes,

115 1475 241 1520 Laeta
269 1475 424 1522 Deum
451 1482 607 1535 partu,
631 1485 817 1520 centum
844 1473 1094 1534 complexa
1120 1485 1336 1536 nepotes,

110 1540 290 1588 Omnes
313 1542 572 1596 coelicolas,
596 1557 762 1587 omnes
790 1556 966 1603 supera
989 1539 1083 1586 alta
1109 1549 1340 1588 tenentes.

178 1610 306 1663 Huc,
347 1608 558 1669 geminas
596 1609 689 1653 huc
723 1607 863 1654 flecte
900 1607 1026 1654 acies
1047 1623 1057 1652 ε
1114 1608 1238 1655 hanc
1279 1610 1438 1672 aspice

246 1685 453 1737 gentem,

111 1742 449 1804 Romanosque
475 1749 602 1801 tuos.
674 1741 766 1787 Hic
788 1742 966 1798 Caesar,
994 1748 1043 1787 et
1065 1741 1217 1788 omnis
1238 1743 1326 1790 Iuli

110 1809 380 1870 Progenies,
409 1825 633 1870 magnum
660 1808 768 1854 coeli
793 1817 990 1854 ventura
1010 1808 1097 1854 snb
1123 1825 1278 1856 axem.
1341 1818 1436 1866 790

113 1875 203 1921 Hic
230 1875 312 1931 vir,
336 1876 526 1931 hic'est,
555 1875 640 1922 tibi
666 1891 806 1936 quem
833 1875 1050 1937 promitti
1075 1877 1248 1938 saepius
1279 1879 1433 1935 audiS,

111 1943 357 2004 Augustus
383 1942 563 1998 Caesar,
591 1942 702 1987 Divi
723 1958 892 2004 genus3
916 1958 1058 1988 aurea
1084 1943 1261 1989 condet

113 2009 288 2054 Secula
312 2009 396 2070 qui
421 2025 584 2055 rursus
612 2008 766 2064 Latio,
795 2017 989 2071 regnata
1014 2026 1103 2072 per
1127 2026 1237 2055 arva

113 2073 318 2120 Saturno
340 2075 614 2137 quondam3
653 2091 797 2137 super
815 2085 864 2123 et
884 2077 1204 2123 Garamantas
1225 2086 1272 2124 et
1289 2078 1411 2124 Indo

113 2137 323 2187 Proferet
348 2141 626 2203 imperium:
656 2142 793 2204 jacet
817 2151 949 2189 extra
975 2143 1132 2190 sidera
1157 2144 1310 2200 tellus,

117 2203 258 2253 Extra
281 2208 392 2254 anni
418 2208 629 2271 solisque
651 2209 771 2265 vias,
800 2210 881 2256 ubi
907 2209 1088 2257 coelifer
1113 2212 1249 2258 Atlas

116 2271 262 2318 Axem
285 2274 479 2321 humero
504 2283 695 2338 torquet
716 2277 861 2323 stellis
886 2278 1161 2324 ardentibus
1181 2287 1347 2340 aptum

115 2336 273 2395 Hujus
295 2339 338 2386 in
363 2341 574 2389 adventu
591 2345 693 2406 jam
720 2360 848 2391 nunc
873 2352 920 2391 et
946 2346 1119 2407 Caspia
1144 2363 1287 2405 regna

113 2403 368 2463 Responsis
394 2409 586 2458 horrent
612 2411 790 2458 Divum
812 2429 824 2466 ;
861 2419 911 2458 et
936 2413 1132 2458 Maeotia
1156 2414 1308 2469 tellus,
1354 2426 1420 2477 st,

60 2516 62 2518 .
102 2473 170 2541 L}
192 2479 553 2536 septemgemini
578 2481 775 2527 turbant
800 2481 986 2542 trepida
1013 2482 1135 2526 ostia
1166 2482 1278 2527 Nili.
1337 2483 1431 2527 800

113 2536 212 2584 hec
240 2539 351 2587 vero
377 2543 572 2593 Alcides
598 2555 782 2594 tantum
809 2547 987 2594 telluris
1014 2548 1196 2603 obivit3
