1607 2700
613 71 879 108 AENsslnos
933 70 1041 104 Lm.
1081 42 1131 104 'v.
1391 66 1478 106 5201

180 195 305 258 Ergo
330 196 450 242 inter
473 190 653 237 medias
678 207 780 237 sese
807 190 969 237 haud
959 208 1117 254 ignara
1133 188 1336 238 nocendi

180 262 406 322 Conjicit,
422 269 470 306 et
487 257 751 319 faciemque
773 258 887 304 Deae
914 267 1188 320 vestemque
1213 257 1416 320 reponit.

179 330 252 376 Fit
280 331 446 382 Beroe,
474 324 658 370 Ismarii
697 323 877 384 conjux
902 324 1117 388 longaeva
1135 324 1361 398 Dorycli,
1389 323 1447 370 6
1435 331 1485 370 O

178 394 268 443 Cui
291 410 452 455 genus,
493 399 540 437 et
565 390 806 451 quondam
833 407 1020 449 nomen,
1049 391 1242 452 natique
1268 390 1484 435 fuissent.

180 464 251 507 Ac
276 461 345 506 sic
372 456 702 506 Dardanidum
730 458 932 504 mediam
961 475 1008 504 se
1034 458 1264 505 matribus
1289 456 1426 502 infert
1450 471 1460 501 :

177 529 222 574 O
248 526 442 585 miserae,
467 540 586 586 quas
612 540 705 570 non
725 540 907 581 manus,
936 525 1107 587 iuquit,
1131 523 1344 570 Achaica
1361 519 1522 567 heus

175 593 394 640 Traxerit
417 591 477 639 ad
503 591 668 646 letum,
696 593 859 653 patriae
885 592 974 638 sub
999 590 1260 639 moenibus!
1287 605 1315 635 o
1339 606 1449 651 gens

175 659 374 707 Infelix!
400 658 476 706 cui
503 666 547 704 te
572 657 716 704 exitio
742 657 931 704 fortuna
953 658 1200 706 reservat?

175 726 384 787 Septima
403 732 512 789 post
528 724 694 785 Trojae
717 725 1069 787 excidiumjam
1096 724 1293 771 vertitur
1315 730 1484 780 aestas;

175 792 301 840 Cum
325 792 513 849 freta,c
487 808 598 838 cum
624 801 774 839 terras
799 808 977 848 omnes,
1006 800 1079 839 tot
1111 790 1355 851 inhospita
1378 806 1488 836 saxa

176 858 876 922 Sideraqueemensaeferimur;
901 858 1488 929 dumpermaremagnum

175 926 361 973 Italiam
375 926 901 990 sequimurfugientem‚
914 923 1375 972 etvolvimurundis.
1391 921 1432 970 6’
1429 929 1487 979 29

175 994 272 1040 Hic
298 993 464 1056 Erycis
489 990 608 1038 fines
632 991 843 1047 fraterni,
884 1002 1028 1054 atque
1055 992 1225 1054 hospes
1261 992 1487 1037 Acestes:

175 1060 296 1115 Quis
309 1059 952 1122 prohibetmurosjacere‚et
967 1059 1078 1106 dare
1093 1058 1276 1104 cuibus
1290 1057 1488 1102 urbem?

177 1128 222 1174 Ο
248 1126 419 1190 patria,
446 1133 495 1172 et
518 1125 642 1187 rapti
667 1126 988 1188 nequicquam
1014 1143 1071 1172 ex
1098 1126 1233 1171 hoste
1254 1124 1488 1170 Penates!

176 1190 505 1255 Nullanejam
528 1192 694 1252 Trojae
720 1194 940 1239 dicentur
964 1193 1171 1239 moenia?
1199 1206 1435 1253 nusquam

177 1260 443 1308 Hectoreos
468 1276 647 1315 amnes,
677 1260 920 1305 Xanthum
948 1268 996 1306 et
1020 1259 1258 1306 Simoenta
1287 1257 1494 1303 videbo?

179 1327 306 1381 Quin
333 1327 473 1388 agite,
500 1334 547 1373 et
571 1342 757 1372 mecum
785 1325 1012 1372 infaustas
1036 1325 1216 1371 exurite
1242 1340 1447 1386 puppes.

178 1393 302 1440 Nam
330 1393 444 1439 mihi
470 1391 756 1439 Cassandrae
782 1408 866 1453 per
893 1408 1109 1438 somnum
1137 1391 1256 1437 vatis
1281 1391 1437 1452 imago

179 1460 417 1506 Ardentes
443 1459 558 1505 dare
583 1460 682 1505 visa
708 1457 866 1504 faces:
914 1459 989 1505 hic
1017 1460 1212 1519 quaerite
1236 1458 1432 1517 Trojam
1455 1475 1467 1511 ;

181 1526 276 1573 Hic
297 1527 466 1572 domus
489 1536 577 1581 est,
603 1524 773 1586 inquit,
803 1525 963 1571 vobis:
984 1524 1086 1585 jam
1101 1525 1492 1585 tempusagitres.

181 1593 286 1640 Nec
311 1592 454 1640 tantis
481 1608 611 1638 mora
635 1591 893 1654 prodigiis3
920 1608 975 1637 en
1004 1600 1210 1654 quatuor
1226 1606 1318 1636 arae
1398 1588 1497 1645 639

181 1660 439 1722 Neptuno!
467 1659 599 1705 Deus
620 1659 718 1719 ipse
738 1657 867 1704 saces
889 1659 1195 1720 animumque
1217 1657 1467 1702 ministrat.

249 1727 368 1772 Haec
396 1741 676 1779 memorans,
705 1725 855 1787 prima
880 1725 1113 1771 infensum
1141 1724 1185 1769 vi
1206 1724 1402 1785 corripit
1430 1724 1495 1784 ig-

184 1792 479 1854 Sublataque
497 1793 664 1854 procul
681 1792 847 1838 dextra
867 1793 1066 1838 connixa
1084 1800 1321 1845 coruscat,
1342 1793 1493 1852 [neum

184 1861 247 1907 Et
279 1860 419 1921 jacit.
479 1861 692 1906 Arrectae
719 1867 917 1915 mentes,
947 1857 1312 1920 stupefactaque
1339 1857 1487 1902 corda

182 1926 401 1973 Iliadum.
474 1926 569 1971 Hic
597 1942 688 1972 una
713 1942 739 1972 e
764 1925 938 1982 multis,
968 1941 1075 1986 quae
1099 1923 1300 1969 maxima
1326 1931 1459 1979 natu,

186 1994 360 2055 Pyrgo,
387 2000 455 2039 tot
484 1992 652 2039 Priami
679 2001 896 2039 natorum
924 1992 1049 2053 regia
1073 1991 1228 2036 nutrix
1253 2006 1262 2035 :

183 2060 295 2106 Non
322 2061 469 2106 Beroe
495 2060 662 2115 vobis;
689 2075 783 2105 non
811 2059 913 2105 haec
940 2059 1175 2114 Rhoeteia,
1217 2065 1402 2113 matres,

186 2126 272 2172 Est
297 2125 492 2190 Dorycli
520 2127 695 2187 conjux
716 2142 725 2172 :
753 2125 896 2171 divini
918 2125 1049 2187 signa
1073 2124 1275 2179 decoris,

187 2192 518 2255 Ardentesque
544 2202 703 2240 notate
730 2192 894 2238 oeulos
918 2209 928 2238 :
964 2192 1043 2253 qui
1070 2190 1256 2252 spiritus
1283 2191 1363 2246 illi,

189 2260 285 2313 Qui
310 2260 486 2316 vultus,
515 2262 705 2306 vocisve
731 2275 888 2315 sonus,
915 2260 988 2304 vel
1014 2274 1197 2318 gressus
1218 2258 1362 2304 eunti.

188 2326 300 2388 Ipsa
320 2334 508 2386 egomet
531 2326 712 2373 dudum
740 2327 918 2372 Beroen
945 2325 1155 2387 digressa
1180 2324 1351 2386 reliqui
1401 2321 1494 2371 650

195 2393 398 2450 AEgram,
425 2391 744 2454 indignantem
774 2392 855 2438 lali
880 2391 1010 2453 quod
1038 2393 1137 2437 sola
1163 2401 1343 2438 careret

193 2459 409 2515 Munere,
436 2475 524 2507 nec
549 2460 738 2506 meritos
766 2458 986 2505 Auchisae
1007 2458 1193 2504 inferret
1223 2458 1440 2503 honores.

193 2524 314 2571 Haec
340 2524 500 2572 effata.
