<?xml version="1.0" encoding="UTF-8"?>
<!DOCTYPE html PUBLIC "-//W3C//DTD XHTML 1.0 Transitional//EN"
    "http://www.w3.org/TR/xhtml1/DTD/xhtml1-transitional.dtd">
<html xmlns="http://www.w3.org/1999/xhtml" xml:lang="en" lang="en">
 <head>
  <title>
</title>
<meta http-equiv="Content-Type" content="text/html;charset=utf-8" />
  <meta name='ocr-system' content='tesseract 3.04.00' />
  <meta name='ocr-capabilities' content='ocr_page ocr_carea ocr_par ocr_line ocrx_word'/>
</head>
<body>
  <div class='ocr_page' id='page_1' title='image "./operaadfidemopti00virguoft/operaadfidemopti00virguoft_0199.png"; bbox 0 0 1607 2700; ppageno 0'>
   <div class='ocr_carea' id='block_1_1' title="bbox 485 85 1418 131">
    <p class='ocr_par' dir='ltr' id='par_1_1' title="bbox 485 85 1418 131">
     <span class='ocr_line' id='line_1_1' title="bbox 485 85 1418 131; baseline -0.009 0"><span class='ocrx_word' id='word_1_1' title='bbox 485 92 747 131; x_wconf 80' lang='lat' dir='ltr'>AENmDos</span> <span class='ocrx_word' id='word_1_2' title='bbox 784 91 893 126; x_wconf 76' lang='lat' dir='ltr'>Lm.</span> <span class='ocrx_word' id='word_1_3' title='bbox 932 93 980 125; x_wconf 82' lang='lat' dir='ltr'>V.</span> <span class='ocrx_word' id='word_1_4' title='bbox 1331 85 1418 131; x_wconf 67' lang='lat'>195</span> 
     </span>
    </p>
   </div>
   <div class='ocr_carea' id='block_1_2' title="bbox 83 211 1444 1276">
    <p class='ocr_par' dir='ltr' id='par_1_2' title="bbox 89 211 1444 878">
     <span class='ocr_line' id='line_1_2' title="bbox 105 211 1417 277; baseline -0.002 -13"><span class='ocrx_word' id='word_1_5' title='bbox 105 219 232 264; x_wconf 88' lang='lat' dir='ltr'>Dum</span> <span class='ocrx_word' id='word_1_6' title='bbox 259 216 421 264; x_wconf 83' lang='lat' dir='ltr'>melior</span> <span class='ocrx_word' id='word_1_7' title='bbox 446 216 563 262; x_wconf 87' lang='lat' dir='ltr'>vires</span> <span class='ocrx_word' id='word_1_8' title='bbox 589 214 780 277; x_wconf 89' lang='lat' dir='ltr'>sanguis</span> <span class='ocrx_word' id='word_1_9' title='bbox 805 215 968 270; x_wconf 85' lang='lat' dir='ltr'>dabat,</span> <span class='ocrx_word' id='word_1_10' title='bbox 1009 211 1177 261; x_wconf 78' lang='lat' dir='ltr'>aeninla</span> <span class='ocrx_word' id='word_1_11' title='bbox 1210 215 1417 262; x_wconf 87' lang='lat' dir='ltr'>necdum</span> 
     </span>
     <span class='ocr_line' id='line_1_3' title="bbox 102 281 1326 345; baseline -0.002 -14"><span class='ocrx_word' id='word_1_12' title='bbox 102 283 418 345; x_wconf 75' lang='lat' dir='ltr'>Temporibus</span> <span class='ocrx_word' id='word_1_13' title='bbox 444 281 643 343; x_wconf 87' lang='lat' dir='ltr'>geminis</span> <span class='ocrx_word' id='word_1_14' title='bbox 669 281 874 328; x_wconf 86' lang='lat' dir='ltr'>canebat</span> <span class='ocrx_word' id='word_1_15' title='bbox 898 296 1067 342; x_wconf 86' lang='lat' dir='ltr'>sparsa</span> <span class='ocrx_word' id='word_1_16' title='bbox 1091 290 1326 329; x_wconf 83' lang='lat' dir='ltr'>senectuS.</span> 
     </span>
     <span class='ocr_line' id='line_1_4' title="bbox 101 348 1312 405; baseline -0.002 -8"><span class='ocrx_word' id='word_1_17' title='bbox 101 350 192 397; x_wconf 90' lang='lat' dir='ltr'>Sed</span> <span class='ocrx_word' id='word_1_18' title='bbox 214 351 249 396; x_wconf 82' lang='lat' dir='ltr'>si</span> <span class='ocrx_word' id='word_1_19' title='bbox 274 357 432 395; x_wconf 84' lang='lat' dir='ltr'>nostra</span> <span class='ocrx_word' id='word_1_20' title='bbox 456 351 605 395; x_wconf 85' lang='lat' dir='ltr'>Dares</span> <span class='ocrx_word' id='word_1_21' title='bbox 632 348 735 394; x_wconf 82' lang='lat' dir='ltr'>haec</span> <span class='ocrx_word' id='word_1_22' title='bbox 756 348 932 394; x_wconf 79' lang='lat' dir='ltr'>Troius</span> <span class='ocrx_word' id='word_1_23' title='bbox 953 363 1080 393; x_wconf 85' lang='lat' dir='ltr'>arma</span> <span class='ocrx_word' id='word_1_24' title='bbox 1107 359 1312 405; x_wconf 78' lang='lat' dir='ltr'>recusat,</span> 
     </span>
     <span class='ocr_line' id='line_1_5' title="bbox 99 414 1357 479; baseline -0.001 -17"><span class='ocrx_word' id='word_1_25' title='bbox 99 417 250 479; x_wconf 83' lang='lat' dir='ltr'>quue</span> <span class='ocrx_word' id='word_1_26' title='bbox 275 415 355 477; x_wconf 89' lang='lat' dir='ltr'>pio</span> <span class='ocrx_word' id='word_1_27' title='bbox 377 415 508 461; x_wconf 88' lang='lat' dir='ltr'>sedet</span> <span class='ocrx_word' id='word_1_28' title='bbox 532 416 708 471; x_wconf 85' lang='lat' dir='ltr'>AEneae,</span> <span class='ocrx_word' id='word_1_29' title='bbox 735 414 908 477; x_wconf 91' lang='lat' dir='ltr'>probat</span> <span class='ocrx_word' id='word_1_30' title='bbox 933 422 1102 460; x_wconf 84' lang='lat' dir='ltr'>auctor</span> <span class='ocrx_word' id='word_1_31' title='bbox 1126 417 1322 461; x_wconf 81' lang='lat' dir='ltr'>Acestes</span> <span class='ocrx_word' id='word_1_32' title='bbox 1345 433 1357 470; x_wconf 91' lang='lat'>;</span> 
     </span>
     <span class='ocr_line' id='line_1_6' title="bbox 96 481 1310 546; baseline -0.003 -16"><span class='ocrx_word' id='word_1_33' title='bbox 96 484 356 545; x_wconf 87' lang='lat' dir='ltr'>AEquemus</span> <span class='ocrx_word' id='word_1_34' title='bbox 380 498 583 545; x_wconf 83' lang='lat' dir='ltr'>pugnas.</span> <span class='ocrx_word' id='word_1_35' title='bbox 652 482 817 546; x_wconf 79' lang='lat' dir='ltr'>Erycis</span> <span class='ocrx_word' id='word_1_36' title='bbox 838 481 924 528; x_wconf 92' lang='lat' dir='ltr'>tibi</span> <span class='ocrx_word' id='word_1_37' title='bbox 949 489 1078 542; x_wconf 87' lang='lat' dir='ltr'>terga</span> <span class='ocrx_word' id='word_1_38' title='bbox 1105 481 1310 538; x_wconf 89' lang='lat' dir='ltr'>remitto,</span> 
     </span>
     <span class='ocr_line' id='line_1_7' title="bbox 97 549 1412 611; baseline 0.001 -16"><span class='ocrx_word' id='word_1_39' title='bbox 97 550 237 595; x_wconf 91' lang='lat' dir='ltr'>Solve</span> <span class='ocrx_word' id='word_1_40' title='bbox 262 556 442 596; x_wconf 86' lang='lat' dir='ltr'>metus:</span> <span class='ocrx_word' id='word_1_41' title='bbox 479 557 526 595; x_wconf 88' lang='lat' dir='ltr'>et</span> <span class='ocrx_word' id='word_1_42' title='bbox 550 558 601 595; x_wconf 88' lang='lat' dir='ltr'>tu</span> <span class='ocrx_word' id='word_1_43' title='bbox 623 549 860 611; x_wconf 89' lang='lat' dir='ltr'>Trojanos</span> <span class='ocrx_word' id='word_1_44' title='bbox 887 564 1006 594; x_wconf 78' lang='lat' dir='ltr'>exue</span> <span class='ocrx_word' id='word_1_45' title='bbox 1031 557 1223 593; x_wconf 68' lang='lat' dir='ltr'>caestus,</span> <span class='ocrx_word' id='word_1_46' title='bbox 1315 557 1412 598; x_wconf 76' lang='lat'>420</span> 
     </span>
     <span class='ocr_line' id='line_1_8' title="bbox 95 613 1444 678; baseline 0 -17"><span class='ocrx_word' id='word_1_47' title='bbox 95 616 215 661; x_wconf 84' lang='lat' dir='ltr'>Haec</span> <span class='ocrx_word' id='word_1_48' title='bbox 241 614 380 671; x_wconf 83' lang='lat' dir='ltr'>fatus,</span> <span class='ocrx_word' id='word_1_49' title='bbox 402 615 639 678; x_wconf 88' lang='lat' dir='ltr'>duplicem</span> <span class='ocrx_word' id='word_1_50' title='bbox 653 633 709 662; x_wconf 86' lang='lat' dir='ltr'>ex</span> <span class='ocrx_word' id='word_1_51' title='bbox 734 615 942 662; x_wconf 89' lang='lat' dir='ltr'>humeris</span> <span class='ocrx_word' id='word_1_52' title='bbox 960 613 1137 675; x_wconf 86' lang='lat' dir='ltr'>dejecit</span> <span class='ocrx_word' id='word_1_53' title='bbox 1151 614 1394 668; x_wconf 82' lang='lat' dir='ltr'>amictum,</span> <span class='ocrx_word' id='word_1_54' title='bbox 1442 675 1444 677; x_wconf 64' lang='lat'>‚</span> 
     </span>
     <span class='ocr_line' id='line_1_9' title="bbox 93 681 1409 743; baseline 0 -13"><span class='ocrx_word' id='word_1_55' title='bbox 93 681 154 730; x_wconf 88' lang='lat' dir='ltr'>Et</span> <span class='ocrx_word' id='word_1_56' title='bbox 179 697 375 743; x_wconf 88' lang='lat' dir='ltr'>magnos</span> <span class='ocrx_word' id='word_1_57' title='bbox 400 682 719 729; x_wconf 88' lang='lat' dir='ltr'>membrorum</span> <span class='ocrx_word' id='word_1_58' title='bbox 745 690 889 737; x_wconf 84' lang='lat' dir='ltr'>artuS,</span> <span class='ocrx_word' id='word_1_59' title='bbox 917 696 1084 743; x_wconf 88' lang='lat' dir='ltr'>magna</span> <span class='ocrx_word' id='word_1_60' title='bbox 1108 696 1231 737; x_wconf 89' lang='lat' dir='ltr'>ossa,</span> <span class='ocrx_word' id='word_1_61' title='bbox 1258 681 1409 730; x_wconf 87' lang='lat' dir='ltr'>lacer-</span> 
     </span>
     <span class='ocr_line' id='line_1_10' title="bbox 223 756 391 810; baseline 0.006 -16"><span class='ocrx_word' id='word_1_62' title='bbox 223 756 391 810; x_wconf 90' lang='lat' dir='ltr'>tosque</span> 
     </span>
     <span class='ocr_line' id='line_1_11' title="bbox 89 813 1221 878; baseline 0.001 -20"><span class='ocrx_word' id='word_1_63' title='bbox 89 813 254 871; x_wconf 85' lang='lat' dir='ltr'>Exuit,</span> <span class='ocrx_word' id='word_1_64' title='bbox 281 824 425 878; x_wconf 88' lang='lat' dir='ltr'>atque</span> <span class='ocrx_word' id='word_1_65' title='bbox 449 814 614 877; x_wconf 89' lang='lat' dir='ltr'>ingens</span> <span class='ocrx_word' id='word_1_66' title='bbox 635 813 790 860; x_wconf 66' lang='lat' dir='ltr'>media</span> <span class='ocrx_word' id='word_1_67' title='bbox 816 813 1036 860; x_wconf 88' lang='lat' dir='ltr'>consistit</span> <span class='ocrx_word' id='word_1_68' title='bbox 1060 813 1221 860; x_wconf 67' lang='lat' dir='ltr'>arena.</span> 
     </span>
    </p>

    <p class='ocr_par' dir='ltr' id='par_1_3' title="bbox 83 881 1398 1276">
     <span class='ocr_line' id='line_1_12' title="bbox 153 881 1386 944; baseline 0.002 -18"><span class='ocrx_word' id='word_1_69' title='bbox 153 881 281 927; x_wconf 90' lang='lat' dir='ltr'>Tum</span> <span class='ocrx_word' id='word_1_70' title='bbox 307 890 434 928; x_wconf 86' lang='lat' dir='ltr'>satus</span> <span class='ocrx_word' id='word_1_71' title='bbox 460 881 665 928; x_wconf 67' lang='lat' dir='ltr'>Anchisa</span> <span class='ocrx_word' id='word_1_72' title='bbox 689 888 862 927; x_wconf 87' lang='lat' dir='ltr'>caestus</span> <span class='ocrx_word' id='word_1_73' title='bbox 882 889 1020 943; x_wconf 88' lang='lat' dir='ltr'>pater</span> <span class='ocrx_word' id='word_1_74' title='bbox 1039 881 1210 927; x_wconf 85' lang='lat' dir='ltr'>extulit</span> <span class='ocrx_word' id='word_1_75' title='bbox 1222 897 1386 944; x_wconf 83' lang='lat' dir='ltr'>aequos</span> 
     </span>
     <span class='ocr_line' id='line_1_13' title="bbox 88 946 1272 1010; baseline 0.002 -18"><span class='ocrx_word' id='word_1_76' title='bbox 88 946 148 992; x_wconf 84' lang='lat' dir='ltr'>Et</span> <span class='ocrx_word' id='word_1_77' title='bbox 174 948 370 1009; x_wconf 89' lang='lat' dir='ltr'>paribus</span> <span class='ocrx_word' id='word_1_78' title='bbox 396 948 579 1010; x_wconf 87' lang='lat' dir='ltr'>palmas</span> <span class='ocrx_word' id='word_1_79' title='bbox 600 947 850 995; x_wconf 88' lang='lat' dir='ltr'>amborum</span> <span class='ocrx_word' id='word_1_80' title='bbox 876 947 1089 993; x_wconf 74' lang='lat' dir='ltr'>innexuit</span> <span class='ocrx_word' id='word_1_81' title='bbox 1113 947 1272 994; x_wconf 85' lang='lat' dir='ltr'>armis.</span> 
     </span>
     <span class='ocr_line' id='line_1_14' title="bbox 87 1013 1314 1076; baseline 0.001 -17"><span class='ocrx_word' id='word_1_82' title='bbox 87 1013 315 1061; x_wconf 84' lang='lat' dir='ltr'>Constitit</span> <span class='ocrx_word' id='word_1_83' title='bbox 338 1013 385 1059; x_wconf 90' lang='lat' dir='ltr'>in</span> <span class='ocrx_word' id='word_1_84' title='bbox 405 1014 577 1075; x_wconf 84' lang='lat' dir='ltr'>digitos</span> <span class='ocrx_word' id='word_1_85' title='bbox 602 1015 840 1075; x_wconf 86' lang='lat' dir='ltr'>extemplo</span> <span class='ocrx_word' id='word_1_86' title='bbox 860 1021 1071 1060; x_wconf 84' lang='lat' dir='ltr'>arrectus</span> <span class='ocrx_word' id='word_1_87' title='bbox 1098 1022 1314 1076; x_wconf 86' lang='lat' dir='ltr'>uterque,</span> 
     </span>
     <span class='ocr_line' id='line_1_15' title="bbox 86 1077 1313 1142; baseline 0.004 -18"><span class='ocrx_word' id='word_1_88' title='bbox 86 1077 385 1142; x_wconf 85' lang='lat' dir='ltr'>Brachiaque</span> <span class='ocrx_word' id='word_1_89' title='bbox 406 1081 465 1128; x_wconf 91' lang='lat' dir='ltr'>ad</span> <span class='ocrx_word' id='word_1_90' title='bbox 488 1097 677 1142; x_wconf 90' lang='lat' dir='ltr'>superas</span> <span class='ocrx_word' id='word_1_91' title='bbox 702 1080 942 1126; x_wconf 88' lang='lat' dir='ltr'>interritus</span> <span class='ocrx_word' id='word_1_92' title='bbox 968 1079 1137 1125; x_wconf 81' lang='lat' dir='ltr'>extulit</span> <span class='ocrx_word' id='word_1_93' title='bbox 1156 1096 1313 1129; x_wconf 90' lang='lat' dir='ltr'>auras.</span> 
     </span>
     <span class='ocr_line' id='line_1_16' title="bbox 83 1144 1246 1209; baseline 0.003 -19"><span class='ocrx_word' id='word_1_94' title='bbox 83 1144 346 1201; x_wconf 82' lang='lat' dir='ltr'>Abduxere</span> <span class='ocrx_word' id='word_1_95' title='bbox 369 1155 496 1194; x_wconf 89' lang='lat' dir='ltr'>retro</span> <span class='ocrx_word' id='word_1_96' title='bbox 520 1148 658 1209; x_wconf 76' lang='lat' dir='ltr'>longe</span> <span class='ocrx_word' id='word_1_97' title='bbox 678 1146 836 1209; x_wconf 85' lang='lat' dir='ltr'>capita</span> <span class='ocrx_word' id='word_1_98' title='bbox 860 1147 1008 1193; x_wconf 81' lang='lat' dir='ltr'>ardua</span> <span class='ocrx_word' id='word_1_99' title='bbox 1032 1147 1092 1192; x_wconf 79' lang='lat' dir='ltr'>ab</span> <span class='ocrx_word' id='word_1_100' title='bbox 1117 1146 1246 1202; x_wconf 88' lang='lat' dir='ltr'>ictu;</span> 
     </span>
     <span class='ocr_line' id='line_1_17' title="bbox 83 1210 1398 1276; baseline 0.005 -20"><span class='ocrx_word' id='word_1_101' title='bbox 83 1210 456 1276; x_wconf 87' lang='lat' dir='ltr'>Immiscentque</span> <span class='ocrx_word' id='word_1_102' title='bbox 482 1229 648 1261; x_wconf 85' lang='lat' dir='ltr'>manus</span> <span class='ocrx_word' id='word_1_103' title='bbox 670 1214 902 1270; x_wconf 90' lang='lat' dir='ltr'>manibus,</span> <span class='ocrx_word' id='word_1_104' title='bbox 928 1228 1231 1276; x_wconf 84' lang='lat' dir='ltr'>pugnamque</span> <span class='ocrx_word' id='word_1_105' title='bbox 1253 1214 1398 1263; x_wconf 83' lang='lat' dir='ltr'>laces-</span> 
     </span>
    </p>
   </div>
   <div class='ocr_carea' id='block_1_3' title="bbox 82 1284 1392 1404">
    <p class='ocr_par' dir='ltr' id='par_1_4' title="bbox 82 1284 1392 1404">
     <span class='ocr_line' id='line_1_18' title="bbox 82 1284 1392 1404; baseline 0.003 -19"><span class='ocrx_word' id='word_1_106' title='bbox 82 1340 183 1396; x_wconf 88' lang='lat' dir='ltr'>Illc,</span> <span class='ocrx_word' id='word_1_107' title='bbox 210 1284 391 1404; x_wconf 46' lang='lat' dir='ltr'>{gata-m</span> <span class='ocrx_word' id='word_1_108' title='bbox 415 1341 581 1388; x_wconf 89' lang='lat' dir='ltr'>melior</span> <span class='ocrx_word' id='word_1_109' title='bbox 605 1349 753 1396; x_wconf 90' lang='lat' dir='ltr'>motu,</span> <span class='ocrx_word' id='word_1_110' title='bbox 781 1340 1027 1402; x_wconf 85' lang='lat' dir='ltr'>fretusque</span> <span class='ocrx_word' id='word_1_111' title='bbox 1044 1339 1269 1402; x_wconf 42' lang='lat' dir='ltr'>juvent&amp;</span> <span class='ocrx_word' id='word_1_112' title='bbox 1298 1349 1392 1391; x_wconf 80' lang='lat'>430</span> 
     </span>
    </p>
   </div>
   <div class='ocr_carea' id='block_1_4' title="bbox 64 1406 1392 2538">
    <p class='ocr_par' dir='ltr' id='par_1_5' title="bbox 67 1406 1392 2462">
     <span class='ocr_line' id='line_1_19' title="bbox 79 1406 1392 1463; baseline 0.002 -11"><span class='ocrx_word' id='word_1_113' title='bbox 79 1407 192 1463; x_wconf 87' lang='lat' dir='ltr'>Hic,</span> <span class='ocrx_word' id='word_1_114' title='bbox 220 1408 444 1455; x_wconf 88' lang='lat' dir='ltr'>membris</span> <span class='ocrx_word' id='word_1_115' title='bbox 463 1417 510 1455; x_wconf 89' lang='lat' dir='ltr'>et</span> <span class='ocrx_word' id='word_1_116' title='bbox 534 1408 660 1454; x_wconf 91' lang='lat' dir='ltr'>mole</span> <span class='ocrx_word' id='word_1_117' title='bbox 685 1407 879 1463; x_wconf 86' lang='lat' dir='ltr'>valens;</span> <span class='ocrx_word' id='word_1_118' title='bbox 919 1406 1002 1453; x_wconf 88' lang='lat' dir='ltr'>sed</span> <span class='ocrx_word' id='word_1_119' title='bbox 1025 1407 1158 1453; x_wconf 88' lang='lat' dir='ltr'>tarda</span> <span class='ocrx_word' id='word_1_120' title='bbox 1179 1417 1392 1456; x_wconf 82' lang='lat' dir='ltr'>trementi</span> 
     </span>
     <span class='ocr_line' id='line_1_20' title="bbox 79 1473 1390 1537; baseline 0.003 -18"><span class='ocrx_word' id='word_1_121' title='bbox 79 1473 253 1521; x_wconf 86' lang='lat' dir='ltr'>Genua</span> <span class='ocrx_word' id='word_1_122' title='bbox 277 1475 457 1531; x_wconf 89' lang='lat' dir='ltr'>labant,</span> <span class='ocrx_word' id='word_1_123' title='bbox 478 1481 634 1521; x_wconf 90' lang='lat' dir='ltr'>vastos</span> <span class='ocrx_word' id='word_1_124' title='bbox 660 1474 814 1537; x_wconf 86' lang='lat' dir='ltr'>quatit</span> <span class='ocrx_word' id='word_1_125' title='bbox 839 1490 963 1535; x_wconf 84' lang='lat' dir='ltr'>aeger</span> <span class='ocrx_word' id='word_1_126' title='bbox 987 1473 1221 1520; x_wconf 85' lang='lat' dir='ltr'>anhelitus</span> <span class='ocrx_word' id='word_1_127' title='bbox 1245 1483 1390 1523; x_wconf 88' lang='lat' dir='ltr'>artus.</span> 
     </span>
     <span class='ocr_line' id='line_1_21' title="bbox 75 1538 1324 1604; baseline 0.004 -20"><span class='ocrx_word' id='word_1_128' title='bbox 75 1538 232 1587; x_wconf 80' lang='lat' dir='ltr'>Multa</span> <span class='ocrx_word' id='word_1_129' title='bbox 255 1541 341 1588; x_wconf 89' lang='lat' dir='ltr'>viri</span> <span class='ocrx_word' id='word_1_130' title='bbox 360 1541 682 1604; x_wconf 87' lang='lat' dir='ltr'>nequicquam</span> <span class='ocrx_word' id='word_1_131' title='bbox 707 1541 828 1587; x_wconf 79' lang='lat' dir='ltr'>inter</span> <span class='ocrx_word' id='word_1_132' title='bbox 851 1557 899 1586; x_wconf 88' lang='lat' dir='ltr'>se</span> <span class='ocrx_word' id='word_1_133' title='bbox 917 1541 1107 1586; x_wconf 90' lang='lat' dir='ltr'>vulnera</span> <span class='ocrx_word' id='word_1_134' title='bbox 1120 1541 1324 1602; x_wconf 85' lang='lat' dir='ltr'>jactant,</span> 
     </span>
     <span class='ocr_line' id='line_1_22' title="bbox 75 1607 1340 1670; baseline 0.003 -18"><span class='ocrx_word' id='word_1_135' title='bbox 75 1607 236 1654; x_wconf 83' lang='lat' dir='ltr'>Multa</span> <span class='ocrx_word' id='word_1_136' title='bbox 261 1624 383 1654; x_wconf 83' lang='lat' dir='ltr'>cavo</span> <span class='ocrx_word' id='word_1_137' title='bbox 407 1608 540 1655; x_wconf 89' lang='lat' dir='ltr'>lateri</span> <span class='ocrx_word' id='word_1_138' title='bbox 563 1607 869 1670; x_wconf 83' lang='lat' dir='ltr'>ingeminant,</span> <span class='ocrx_word' id='word_1_139' title='bbox 895 1614 942 1653; x_wconf 92' lang='lat' dir='ltr'>et</span> <span class='ocrx_word' id='word_1_140' title='bbox 967 1615 1158 1667; x_wconf 89' lang='lat' dir='ltr'>pectore</span> <span class='ocrx_word' id='word_1_141' title='bbox 1184 1616 1340 1656; x_wconf 86' lang='lat' dir='ltr'>vastos</span> 
     </span>
     <span class='ocr_line' id='line_1_23' title="bbox 76 1672 1388 1738; baseline 0.002 -19"><span class='ocrx_word' id='word_1_142' title='bbox 76 1672 209 1720; x_wconf 88' lang='lat' dir='ltr'>Dant</span> <span class='ocrx_word' id='word_1_143' title='bbox 234 1675 447 1730; x_wconf 83' lang='lat' dir='ltr'>sonitus3</span> <span class='ocrx_word' id='word_1_144' title='bbox 490 1683 711 1738; x_wconf 90' lang='lat' dir='ltr'>erratque</span> <span class='ocrx_word' id='word_1_145' title='bbox 736 1690 872 1720; x_wconf 88' lang='lat' dir='ltr'>aures</span> <span class='ocrx_word' id='word_1_146' title='bbox 897 1681 946 1720; x_wconf 91' lang='lat' dir='ltr'>et</span> <span class='ocrx_word' id='word_1_147' title='bbox 966 1681 1183 1736; x_wconf 87' lang='lat' dir='ltr'>tempora</span> <span class='ocrx_word' id='word_1_148' title='bbox 1206 1675 1388 1722; x_wconf 71' lang='lat' dir='ltr'>circum</span> 
     </span>
     <span class='ocr_line' id='line_1_24' title="bbox 75 1739 1386 1803; baseline 0.004 -18"><span class='ocrx_word' id='word_1_149' title='bbox 75 1739 253 1787; x_wconf 84' lang='lat' dir='ltr'>Crebra</span> <span class='ocrx_word' id='word_1_150' title='bbox 279 1757 470 1798; x_wconf 88' lang='lat' dir='ltr'>manus;</span> <span class='ocrx_word' id='word_1_151' title='bbox 509 1740 631 1788; x_wconf 88' lang='lat' dir='ltr'>duro</span> <span class='ocrx_word' id='word_1_152' title='bbox 656 1740 892 1803; x_wconf 87' lang='lat' dir='ltr'>crepitant</span> <span class='ocrx_word' id='word_1_153' title='bbox 915 1740 1005 1786; x_wconf 88' lang='lat' dir='ltr'>sub</span> <span class='ocrx_word' id='word_1_154' title='bbox 1030 1740 1218 1788; x_wconf 89' lang='lat' dir='ltr'>vulnere</span> <span class='ocrx_word' id='word_1_155' title='bbox 1231 1743 1386 1790; x_wconf 82' lang='lat' dir='ltr'>malae.</span> 
     </span>
     <span class='ocr_line' id='line_1_25' title="bbox 72 1805 1296 1870; baseline 0.004 -18"><span class='ocrx_word' id='word_1_156' title='bbox 72 1805 176 1853; x_wconf 87' lang='lat' dir='ltr'>Stat</span> <span class='ocrx_word' id='word_1_157' title='bbox 199 1808 355 1869; x_wconf 89' lang='lat' dir='ltr'>gravis</span> <span class='ocrx_word' id='word_1_158' title='bbox 381 1808 612 1863; x_wconf 88' lang='lat' dir='ltr'>Entellus,</span> <span class='ocrx_word' id='word_1_159' title='bbox 639 1808 836 1870; x_wconf 84' lang='lat' dir='ltr'>nisuque</span> <span class='ocrx_word' id='word_1_160' title='bbox 861 1808 1084 1854; x_wconf 87' lang='lat' dir='ltr'>immotus</span> <span class='ocrx_word' id='word_1_161' title='bbox 1105 1807 1296 1857; x_wconf 86' lang='lat' dir='ltr'>eodem:</span> 
     </span>
     <span class='ocr_line' id='line_1_26' title="bbox 73 1872 1384 1936; baseline 0.004 -18"><span class='ocrx_word' id='word_1_162' title='bbox 73 1872 284 1936; x_wconf 89' lang='lat' dir='ltr'>Corpore</span> <span class='ocrx_word' id='word_1_163' title='bbox 309 1875 405 1922; x_wconf 88' lang='lat' dir='ltr'>tela</span> <span class='ocrx_word' id='word_1_164' title='bbox 424 1874 569 1922; x_wconf 75' lang='lat' dir='ltr'>modo</span> <span class='ocrx_word' id='word_1_165' title='bbox 594 1883 738 1936; x_wconf 90' lang='lat' dir='ltr'>atque</span> <span class='ocrx_word' id='word_1_166' title='bbox 764 1874 916 1920; x_wconf 92' lang='lat' dir='ltr'>oculis</span> <span class='ocrx_word' id='word_1_167' title='bbox 941 1873 1247 1936; x_wconf 83' lang='lat' dir='ltr'>vigilantibus</span> <span class='ocrx_word' id='word_1_168' title='bbox 1271 1876 1384 1924; x_wconf 85' lang='lat' dir='ltr'>exit.</span> 
     </span>
     <span class='ocr_line' id='line_1_27' title="bbox 70 1939 1351 2003; baseline 0.002 -19"><span class='ocrx_word' id='word_1_169' title='bbox 70 1939 174 1996; x_wconf 89' lang='lat' dir='ltr'>Ille,</span> <span class='ocrx_word' id='word_1_170' title='bbox 202 1941 332 1988; x_wconf 91' lang='lat' dir='ltr'>velut</span> <span class='ocrx_word' id='word_1_171' title='bbox 355 1941 530 1988; x_wconf 88' lang='lat' dir='ltr'>celsam</span> <span class='ocrx_word' id='word_1_172' title='bbox 558 1948 806 2003; x_wconf 86' lang='lat' dir='ltr'>oppugnat</span> <span class='ocrx_word' id='word_1_173' title='bbox 831 1940 913 2002; x_wconf 82' lang='lat' dir='ltr'>qui</span> <span class='ocrx_word' id='word_1_174' title='bbox 940 1940 1144 1986; x_wconf 88' lang='lat' dir='ltr'>molibus</span> <span class='ocrx_word' id='word_1_175' title='bbox 1173 1943 1351 2001; x_wconf 89' lang='lat' dir='ltr'>urbem,</span> 
     </span>
     <span class='ocr_line' id='line_1_28' title="bbox 75 2006 1381 2062; baseline 0.005 -11"><span class='ocrx_word' id='word_1_176' title='bbox 75 2006 171 2054; x_wconf 84' lang='lat' dir='ltr'>Aut</span> <span class='ocrx_word' id='word_1_177' title='bbox 195 2017 413 2054; x_wconf 88' lang='lat' dir='ltr'>montana</span> <span class='ocrx_word' id='word_1_178' title='bbox 433 2008 569 2055; x_wconf 86' lang='lat' dir='ltr'>sedet</span> <span class='ocrx_word' id='word_1_179' title='bbox 586 2008 767 2054; x_wconf 75' lang='lat' dir='ltr'>circum</span> <span class='ocrx_word' id='word_1_180' title='bbox 779 2006 969 2053; x_wconf 78' lang='lat' dir='ltr'>castella</span> <span class='ocrx_word' id='word_1_181' title='bbox 989 2007 1078 2052; x_wconf 93' lang='lat' dir='ltr'>sub</span> <span class='ocrx_word' id='word_1_182' title='bbox 1098 2007 1260 2062; x_wconf 86' lang='lat' dir='ltr'>armis;</span> <span class='ocrx_word' id='word_1_183' title='bbox 1287 2017 1381 2058; x_wconf 72' lang='lat'>440</span> 
     </span>
     <span class='ocr_line' id='line_1_29' title="bbox 77 2071 1351 2135; baseline 0.004 -18"><span class='ocrx_word' id='word_1_184' title='bbox 77 2071 214 2120; x_wconf 88' lang='lat' dir='ltr'>Nunc</span> <span class='ocrx_word' id='word_1_185' title='bbox 240 2074 345 2131; x_wconf 89' lang='lat' dir='ltr'>hos,</span> <span class='ocrx_word' id='word_1_186' title='bbox 371 2091 499 2122; x_wconf 92' lang='lat' dir='ltr'>nunc</span> <span class='ocrx_word' id='word_1_187' title='bbox 519 2074 624 2120; x_wconf 89' lang='lat' dir='ltr'>illos</span> <span class='ocrx_word' id='word_1_188' title='bbox 640 2073 812 2128; x_wconf 90' lang='lat' dir='ltr'>aditus,</span> <span class='ocrx_word' id='word_1_189' title='bbox 831 2089 1118 2135; x_wconf 88' lang='lat' dir='ltr'>omnemque</span> <span class='ocrx_word' id='word_1_190' title='bbox 1143 2085 1351 2134; x_wconf 86' lang='lat' dir='ltr'>pererrat</span> 
     </span>
     <span class='ocr_line' id='line_1_30' title="bbox 74 2140 1249 2200; baseline 0.003 -16"><span class='ocrx_word' id='word_1_191' title='bbox 74 2140 190 2186; x_wconf 89' lang='lat' dir='ltr'>Arte</span> <span class='ocrx_word' id='word_1_192' title='bbox 209 2141 387 2198; x_wconf 87' lang='lat' dir='ltr'>locum,</span> <span class='ocrx_word' id='word_1_193' title='bbox 413 2149 463 2188; x_wconf 89' lang='lat' dir='ltr'>et</span> <span class='ocrx_word' id='word_1_194' title='bbox 486 2141 622 2187; x_wconf 91' lang='lat' dir='ltr'>variis</span> <span class='ocrx_word' id='word_1_195' title='bbox 640 2140 895 2187; x_wconf 85' lang='lat' dir='ltr'>assultibus</span> <span class='ocrx_word' id='word_1_196' title='bbox 921 2140 1077 2186; x_wconf 90' lang='lat' dir='ltr'>irritus</span> <span class='ocrx_word' id='word_1_197' title='bbox 1098 2149 1249 2200; x_wconf 83' lang='lat' dir='ltr'>urget.</span> 
     </span>
     <span class='ocr_line' id='line_1_31' title="bbox 72 2205 1246 2269; baseline 0.003 -19"><span class='ocrx_word' id='word_1_198' title='bbox 72 2205 298 2254; x_wconf 87' lang='lat' dir='ltr'>Ostendit</span> <span class='ocrx_word' id='word_1_199' title='bbox 321 2206 541 2256; x_wconf 86' lang='lat' dir='ltr'>dextram</span> <span class='ocrx_word' id='word_1_200' title='bbox 566 2208 807 2269; x_wconf 82' lang='lat' dir='ltr'>insurgens</span> <span class='ocrx_word' id='word_1_201' title='bbox 825 2206 1054 2263; x_wconf 85' lang='lat' dir='ltr'>Entellus,</span> <span class='ocrx_word' id='word_1_202' title='bbox 1082 2216 1128 2253; x_wconf 88' lang='lat' dir='ltr'>et</span> <span class='ocrx_word' id='word_1_203' title='bbox 1153 2208 1246 2254; x_wconf 79' lang='lat' dir='ltr'>alte</span> 
     </span>
     <span class='ocr_line' id='line_1_32' title="bbox 70 2271 1272 2322; baseline 0.004 -6"><span class='ocrx_word' id='word_1_204' title='bbox 70 2271 283 2321; x_wconf 84' lang='lat' dir='ltr'>Extulit:</span> <span class='ocrx_word' id='word_1_205' title='bbox 321 2275 398 2322; x_wconf 92' lang='lat' dir='ltr'>ille</span> <span class='ocrx_word' id='word_1_206' title='bbox 418 2276 565 2322; x_wconf 89' lang='lat' dir='ltr'>ictum</span> <span class='ocrx_word' id='word_1_207' title='bbox 593 2275 857 2321; x_wconf 89' lang='lat' dir='ltr'>venientem</span> <span class='ocrx_word' id='word_1_208' title='bbox 882 2289 908 2320; x_wconf 89' lang='lat' dir='ltr'>a</span> <span class='ocrx_word' id='word_1_209' title='bbox 933 2273 1109 2320; x_wconf 89' lang='lat' dir='ltr'>vertice</span> <span class='ocrx_word' id='word_1_210' title='bbox 1136 2274 1272 2321; x_wconf 83' lang='lat' dir='ltr'>velox</span> 
     </span>
     <span class='ocr_line' id='line_1_33' title="bbox 67 2336 1182 2404; baseline 0.004 -22"><span class='ocrx_word' id='word_1_211' title='bbox 67 2336 309 2396; x_wconf 86' lang='lat' dir='ltr'>Praevidit,</span> <span class='ocrx_word' id='word_1_212' title='bbox 336 2343 571 2404; x_wconf 87' lang='lat' dir='ltr'>celerique</span> <span class='ocrx_word' id='word_1_213' title='bbox 595 2340 782 2403; x_wconf 87' lang='lat' dir='ltr'>elapsus</span> <span class='ocrx_word' id='word_1_214' title='bbox 797 2357 999 2404; x_wconf 88' lang='lat' dir='ltr'>corpore</span> <span class='ocrx_word' id='word_1_215' title='bbox 1025 2340 1182 2387; x_wconf 87' lang='lat' dir='ltr'>cessit.</span> 
     </span>
     <span class='ocr_line' id='line_1_34' title="bbox 70 2403 1148 2462; baseline 0.005 -14"><span class='ocrx_word' id='word_1_216' title='bbox 70 2403 285 2451; x_wconf 88' lang='lat' dir='ltr'>Entellus</span> <span class='ocrx_word' id='word_1_217' title='bbox 313 2407 431 2454; x_wconf 77' lang='lat' dir='ltr'>vires</span> <span class='ocrx_word' id='word_1_218' title='bbox 454 2410 499 2456; x_wconf 85' lang='lat' dir='ltr'>iu</span> <span class='ocrx_word' id='word_1_219' title='bbox 527 2419 715 2454; x_wconf 84' lang='lat' dir='ltr'>ventum</span> <span class='ocrx_word' id='word_1_220' title='bbox 742 2407 924 2462; x_wconf 82' lang='lat' dir='ltr'>effudit,</span> <span class='ocrx_word' id='word_1_221' title='bbox 951 2415 999 2453; x_wconf 89' lang='lat' dir='ltr'>et</span> <span class='ocrx_word' id='word_1_222' title='bbox 1024 2406 1148 2454; x_wconf 85' lang='lat' dir='ltr'>ultro</span> 
     </span>
    </p>

    <p class='ocr_par' dir='ltr' id='par_1_6' title="bbox 64 2469 1335 2538">
     <span class='ocr_line' id='line_1_35' title="bbox 64 2469 1335 2538; baseline 0.003 -23"><span class='ocrx_word' id='word_1_223' title='bbox 64 2469 180 2532; x_wconf 84' lang='lat' dir='ltr'>lpse</span> <span class='ocrx_word' id='word_1_224' title='bbox 199 2471 352 2532; x_wconf 66' lang='lat' dir='ltr'>gravis</span> <span class='ocrx_word' id='word_1_225' title='bbox 380 2474 672 2538; x_wconf 65' lang='lat' dir='ltr'>graviterque</span> <span class='ocrx_word' id='word_1_226' title='bbox 697 2475 757 2520; x_wconf 85' lang='lat' dir='ltr'>ad</span> <span class='ocrx_word' id='word_1_227' title='bbox 781 2484 948 2521; x_wconf 81' lang='lat' dir='ltr'>terrani</span> <span class='ocrx_word' id='word_1_228' title='bbox 971 2474 1180 2536; x_wconf 89' lang='lat' dir='ltr'>pondere</span> <span class='ocrx_word' id='word_1_229' title='bbox 1207 2480 1335 2520; x_wconf 86' lang='lat' dir='ltr'>vasto</span> 
     </span>
    </p>
   </div>
  </div>
 </body>
</html>
