<?xml version="1.0" encoding="UTF-8"?>
<!DOCTYPE html PUBLIC "-//W3C//DTD XHTML 1.0 Transitional//EN"
    "http://www.w3.org/TR/xhtml1/DTD/xhtml1-transitional.dtd">
<html xmlns="http://www.w3.org/1999/xhtml" xml:lang="en" lang="en">
 <head>
  <title>
</title>
<meta http-equiv="Content-Type" content="text/html;charset=utf-8" />
  <meta name='ocr-system' content='tesseract 3.04.00' />
  <meta name='ocr-capabilities' content='ocr_page ocr_carea ocr_par ocr_line ocrx_word'/>
</head>
<body>
  <div class='ocr_page' id='page_1' title='image "./operaadfidemopti00virguoft/operaadfidemopti00virguoft_0174.png"; bbox 0 0 1607 2700; ppageno 0'>
   <div class='ocr_carea' id='block_1_1' title="bbox 160 67 1124 115">
    <p class='ocr_par' dir='ltr' id='par_1_1' title="bbox 160 67 1124 115">
     <span class='ocr_line' id='line_1_1' title="bbox 160 67 1124 115; baseline 0 -8"><span class='ocrx_word' id='word_1_1' title='bbox 160 67 251 115; x_wconf 80' lang='lat'>170</span> <span class='ocrx_word' id='word_1_2' title='bbox 486 73 533 105; x_wconf 88' lang='lat' dir='ltr'>P.</span> <span class='ocrx_word' id='word_1_3' title='bbox 579 72 820 107; x_wconf 78' lang='lat' dir='ltr'>VIRGILII</span> <span class='ocrx_word' id='word_1_4' title='bbox 862 73 1124 108; x_wconf 80' lang='lat' dir='ltr'>MARONis</span> 
     </span>
    </p>
   </div>
   <div class='ocr_carea' id='block_1_2' title="bbox 142 189 1466 2511">
    <p class='ocr_par' dir='ltr' id='par_1_2' title="bbox 148 189 1466 1314">
     <span class='ocr_line' id='line_1_2' title="bbox 222 189 1318 254; baseline 0.002 -17"><span class='ocrx_word' id='word_1_5' title='bbox 222 193 289 237; x_wconf 82' lang='lat' dir='ltr'>At</span> <span class='ocrx_word' id='word_1_6' title='bbox 314 189 424 236; x_wconf 78' lang='lat' dir='ltr'>vero</span> <span class='ocrx_word' id='word_1_7' title='bbox 452 191 619 237; x_wconf 88' lang='lat' dir='ltr'>AEneas</span> <span class='ocrx_word' id='word_1_8' title='bbox 643 200 844 254; x_wconf 82' lang='lat' dir='ltr'>aspectu</span> <span class='ocrx_word' id='word_1_9' title='bbox 871 193 1115 241; x_wconf 85' lang='lat' dir='ltr'>obmutuit</span> <span class='ocrx_word' id='word_1_10' title='bbox 1139 209 1318 249; x_wconf 88' lang='lat' dir='ltr'>amens,</span> 
     </span>
     <span class='ocr_line' id='line_1_3' title="bbox 158 257 1466 318; baseline 0.001 -14"><span class='ocrx_word' id='word_1_11' title='bbox 158 260 462 318; x_wconf 78' lang='lat' dir='ltr'>Arrectaeque</span> <span class='ocrx_word' id='word_1_12' title='bbox 485 257 674 304; x_wconf 84' lang='lat' dir='ltr'>horrore</span> <span class='ocrx_word' id='word_1_13' title='bbox 692 275 860 314; x_wconf 84' lang='lat' dir='ltr'>comae,</span> <span class='ocrx_word' id='word_1_14' title='bbox 886 269 932 306; x_wconf 85' lang='lat' dir='ltr'>et</span> <span class='ocrx_word' id='word_1_15' title='bbox 953 278 1043 306; x_wconf 86' lang='lat' dir='ltr'>vox</span> <span class='ocrx_word' id='word_1_16' title='bbox 1069 260 1286 307; x_wconf 86' lang='lat' dir='ltr'>faucibus</span> <span class='ocrx_word' id='word_1_17' title='bbox 1314 259 1466 306; x_wconf 81' lang='lat' dir='ltr'>haesit.</span> 
     </span>
     <span class='ocr_line' id='line_1_4' title="bbox 154 322 1459 389; baseline 0.002 -19"><span class='ocrx_word' id='word_1_18' title='bbox 154 322 306 370; x_wconf 87' lang='lat' dir='ltr'>Ardet</span> <span class='ocrx_word' id='word_1_19' title='bbox 329 323 458 369; x_wconf 88' lang='lat' dir='ltr'>abire</span> <span class='ocrx_word' id='word_1_20' title='bbox 478 322 607 384; x_wconf 66' lang='lat' dir='ltr'>fuga,</span> <span class='ocrx_word' id='word_1_21' title='bbox 626 324 885 386; x_wconf 80' lang='lat' dir='ltr'><strong>dulcesque</strong></span> <span class='ocrx_word' id='word_1_22' title='bbox 906 327 1165 389; x_wconf 82' lang='lat' dir='ltr'>relinquere</span> <span class='ocrx_word' id='word_1_23' title='bbox 1186 334 1348 382; x_wconf 81' lang='lat' dir='ltr'>terras,</span> <span class='ocrx_word' id='word_1_24' title='bbox 1372 333 1459 374; x_wconf 74' lang='lat'>281</span> 
     </span>
     <span class='ocr_line' id='line_1_5' title="bbox 154 389 1465 454; baseline 0.002 -18"><span class='ocrx_word' id='word_1_25' title='bbox 154 389 403 436; x_wconf 86' lang='lat' dir='ltr'>Attonitus</span> <span class='ocrx_word' id='word_1_26' title='bbox 421 398 562 436; x_wconf 85' lang='lat' dir='ltr'>tanto</span> <span class='ocrx_word' id='word_1_27' title='bbox 581 391 761 435; x_wconf 85' lang='lat' dir='ltr'>monitu</span> <span class='ocrx_word' id='word_1_28' title='bbox 778 391 1072 454; x_wconf 88' lang='lat' dir='ltr'>imperioque</span> <span class='ocrx_word' id='word_1_29' title='bbox 1092 394 1319 438; x_wconf 87' lang='lat' dir='ltr'>Deorum.</span> <span class='ocrx_word' id='word_1_30' title='bbox 1347 394 1465 454; x_wconf 84' lang='lat' dir='ltr'>[tem</span> 
     </span>
     <span class='ocr_line' id='line_1_6' title="bbox 154 455 1466 519; baseline 0.002 -18"><span class='ocrx_word' id='word_1_31' title='bbox 154 455 262 502; x_wconf 92' lang='lat' dir='ltr'>Heu</span> <span class='ocrx_word' id='word_1_32' title='bbox 289 456 400 517; x_wconf 85' lang='lat' dir='ltr'>quid</span> <span class='ocrx_word' id='word_1_33' title='bbox 427 458 572 517; x_wconf 68' lang='lat' dir='ltr'>agat?</span> <span class='ocrx_word' id='word_1_34' title='bbox 610 472 705 516; x_wconf 93' lang='lat' dir='ltr'>quo</span> <span class='ocrx_word' id='word_1_35' title='bbox 731 472 854 502; x_wconf 84' lang='lat' dir='ltr'>nunc</span> <span class='ocrx_word' id='word_1_36' title='bbox 882 459 1087 519; x_wconf 85' lang='lat' dir='ltr'>reginam</span> <span class='ocrx_word' id='word_1_37' title='bbox 1108 459 1286 505; x_wconf 88' lang='lat' dir='ltr'>ambire</span> <span class='ocrx_word' id='word_1_38' title='bbox 1307 458 1466 504; x_wconf 86' lang='lat' dir='ltr'>furen-</span> 
     </span>
     <span class='ocr_line' id='line_1_7' title="bbox 154 521 1463 586; baseline 0.001 -18"><span class='ocrx_word' id='word_1_39' title='bbox 154 521 341 568; x_wconf 85' lang='lat' dir='ltr'>Audeat</span> <span class='ocrx_word' id='word_1_40' title='bbox 366 522 551 568; x_wconf 66' lang='lat' dir='ltr'>affatu?</span> <span class='ocrx_word' id='word_1_41' title='bbox 589 538 697 583; x_wconf 87' lang='lat' dir='ltr'>quae</span> <span class='ocrx_word' id='word_1_42' title='bbox 718 522 869 582; x_wconf 86' lang='lat' dir='ltr'>prima</span> <span class='ocrx_word' id='word_1_43' title='bbox 895 524 1087 570; x_wconf 76' lang='lat' dir='ltr'>exordia</span> <span class='ocrx_word' id='word_1_44' title='bbox 1111 527 1298 571; x_wconf 68' lang='lat' dir='ltr'>sumat?</span> <span class='ocrx_word' id='word_1_45' title='bbox 1336 526 1463 586; x_wconf 86' lang='lat' dir='ltr'>[luc;</span> 
     </span>
     <span class='ocr_line' id='line_1_8' title="bbox 153 588 1451 650; baseline -0.001 -15"><span class='ocrx_word' id='word_1_46' title='bbox 153 589 339 650; x_wconf 67' lang='lat' dir='ltr'>*Atque</span> <span class='ocrx_word' id='word_1_47' title='bbox 357 588 565 634; x_wconf 81' lang='lat' dir='ltr'>animum</span> <span class='ocrx_word' id='word_1_48' title='bbox 585 603 708 632; x_wconf 88' lang='lat' dir='ltr'>nunc</span> <span class='ocrx_word' id='word_1_49' title='bbox 726 588 818 634; x_wconf 86' lang='lat' dir='ltr'>huc</span> <span class='ocrx_word' id='word_1_50' title='bbox 836 590 1055 646; x_wconf 85' lang='lat' dir='ltr'>celerem,</span> <span class='ocrx_word' id='word_1_51' title='bbox 1078 607 1201 636; x_wconf 84' lang='lat' dir='ltr'>nuuc</span> <span class='ocrx_word' id='word_1_52' title='bbox 1223 591 1390 637; x_wconf 85' lang='lat' dir='ltr'>dividit</span> <span class='ocrx_word' id='word_1_53' title='bbox 1411 591 1451 635; x_wconf 83' lang='lat' dir='ltr'>il·</span> 
     </span>
     <span class='ocr_line' id='line_1_9' title="bbox 153 653 1462 717; baseline 0.002 -17"><span class='ocrx_word' id='word_1_54' title='bbox 153 654 241 700; x_wconf 69' lang='lat' dir='ltr'>*In</span> <span class='ocrx_word' id='word_1_55' title='bbox 267 663 527 716; x_wconf 82' lang='lat' dir='ltr'>partesque</span> <span class='ocrx_word' id='word_1_56' title='bbox 553 653 671 713; x_wconf 85' lang='lat' dir='ltr'>rapit</span> <span class='ocrx_word' id='word_1_57' title='bbox 697 655 864 709; x_wconf 77' lang='lat' dir='ltr'>varias,</span> <span class='ocrx_word' id='word_1_58' title='bbox 904 672 1082 717; x_wconf 89' lang='lat' dir='ltr'>perque</span> <span class='ocrx_word' id='word_1_59' title='bbox 1107 658 1267 702; x_wconf 80' lang='lat' dir='ltr'>onmia</span> <span class='ocrx_word' id='word_1_60' title='bbox 1290 667 1462 702; x_wconf 79' lang='lat' dir='ltr'>versat.</span> 
     </span>
     <span class='ocr_line' id='line_1_10' title="bbox 157 719 1459 785; baseline 0.002 -18"><span class='ocrx_word' id='word_1_61' title='bbox 157 722 275 767; x_wconf 87' lang='lat' dir='ltr'>Haec</span> <span class='ocrx_word' id='word_1_62' title='bbox 301 719 546 766; x_wconf 75' lang='lat' dir='ltr'>alternanti</span> <span class='ocrx_word' id='word_1_63' title='bbox 573 719 733 781; x_wconf 87' lang='lat' dir='ltr'>potior</span> <span class='ocrx_word' id='word_1_64' title='bbox 758 723 991 767; x_wconf 75' lang='lat' dir='ltr'>sententia</span> <span class='ocrx_word' id='word_1_65' title='bbox 1016 722 1116 769; x_wconf 85' lang='lat' dir='ltr'>visa</span> <span class='ocrx_word' id='word_1_66' title='bbox 1136 734 1224 769; x_wconf 88' lang='lat' dir='ltr'>est.</span> <span class='ocrx_word' id='word_1_67' title='bbox 1285 725 1459 785; x_wconf 68' lang='lat' dir='ltr'>[thunn</span> 
     </span>
     <span class='ocr_line' id='line_1_11' title="bbox 153 787 1462 851; baseline 0.001 -18"><span class='ocrx_word' id='word_1_68' title='bbox 153 787 406 833; x_wconf 83' lang='lat' dir='ltr'>Mnesthea</span> <span class='ocrx_word' id='word_1_69' title='bbox 427 787 796 848; x_wconf 78' lang='lat' dir='ltr'>Sergestumque</span> <span class='ocrx_word' id='word_1_70' title='bbox 814 798 971 843; x_wconf 84' lang='lat' dir='ltr'>vocat,</span> <span class='ocrx_word' id='word_1_71' title='bbox 1000 788 1263 851; x_wconf 87' lang='lat' dir='ltr'>fortemque</span> <span class='ocrx_word' id='word_1_72' title='bbox 1289 789 1462 835; x_wconf 83' lang='lat' dir='ltr'>Cloan-</span> 
     </span>
     <span class='ocr_line' id='line_1_12' title="bbox 153 852 1456 917; baseline 0 -17"><span class='ocrx_word' id='word_1_73' title='bbox 153 854 361 901; x_wconf 88' lang='lat' dir='ltr'>Classem</span> <span class='ocrx_word' id='word_1_74' title='bbox 385 861 550 914; x_wconf 86' lang='lat' dir='ltr'>aptent</span> <span class='ocrx_word' id='word_1_75' title='bbox 570 852 714 906; x_wconf 83' lang='lat' dir='ltr'>taciti,</span> <span class='ocrx_word' id='word_1_76' title='bbox 740 854 989 915; x_wconf 85' lang='lat' dir='ltr'>sociosque</span> <span class='ocrx_word' id='word_1_77' title='bbox 1006 855 1237 901; x_wconf 76' lang='lat' dir='ltr'>ad&#39;littora</span> <span class='ocrx_word' id='word_1_78' title='bbox 1256 867 1456 917; x_wconf 79' lang='lat' dir='ltr'>cogant:</span> 
     </span>
     <span class='ocr_line' id='line_1_13' title="bbox 152 919 1462 981; baseline 0.002 -15"><span class='ocrx_word' id='word_1_79' title='bbox 152 921 297 966; x_wconf 87' lang='lat' dir='ltr'>Arma</span> <span class='ocrx_word' id='word_1_80' title='bbox 311 928 501 981; x_wconf 82' lang='lat' dir='ltr'>pareut;</span> <span class='ocrx_word' id='word_1_81' title='bbox 530 927 578 964; x_wconf 84' lang='lat' dir='ltr'>et</span> <span class='ocrx_word' id='word_1_82' title='bbox 595 935 702 980; x_wconf 86' lang='lat' dir='ltr'>quae</span> <span class='ocrx_word' id='word_1_83' title='bbox 721 919 774 964; x_wconf 74' lang='lat' dir='ltr'>si*¹</span> <span class='ocrx_word' id='word_1_84' title='bbox 789 920 1088 970; x_wconf 85' lang='lat' dir='ltr'>rebuscausa</span> <span class='ocrx_word' id='word_1_85' title='bbox 1105 922 1350 976; x_wconf 81' lang='lat' dir='ltr'>novandis,</span> <span class='ocrx_word' id='word_1_86' title='bbox 1368 929 1462 977; x_wconf 70' lang='lat'>290</span> 
     </span>
     <span class='ocr_line' id='line_1_14' title="bbox 153 985 1430 1050; baseline 0.002 -20"><span class='ocrx_word' id='word_1_87' title='bbox 153 986 494 1039; x_wconf 87' lang='lat' dir='ltr'>Dissimulent;</span> <span class='ocrx_word' id='word_1_88' title='bbox 534 1001 634 1031; x_wconf 81' lang='lat' dir='ltr'>sese</span> <span class='ocrx_word' id='word_1_89' title='bbox 658 985 852 1041; x_wconf 84' lang='lat' dir='ltr'>interea,</span> <span class='ocrx_word' id='word_1_90' title='bbox 881 987 1074 1049; x_wconf 84' lang='lat' dir='ltr'>quaudo</span> <span class='ocrx_word' id='word_1_91' title='bbox 1095 988 1275 1050; x_wconf 79' lang='lat' dir='ltr'>optima</span> <span class='ocrx_word' id='word_1_92' title='bbox 1303 989 1430 1034; x_wconf 89' lang='lat' dir='ltr'>Dido</span> 
     </span>
     <span class='ocr_line' id='line_1_15' title="bbox 150 1052 1305 1116; baseline 0.002 -18"><span class='ocrx_word' id='word_1_93' title='bbox 150 1052 350 1098; x_wconf 75' lang='lat' dir='ltr'>Nesciat</span> <span class='ocrx_word' id='word_1_94' title='bbox 374 1061 423 1098; x_wconf 92' lang='lat' dir='ltr'>et</span> <span class='ocrx_word' id='word_1_95' title='bbox 447 1059 602 1098; x_wconf 85' lang='lat' dir='ltr'>tantos</span> <span class='ocrx_word' id='word_1_96' title='bbox 630 1052 786 1114; x_wconf 86' lang='lat' dir='ltr'>rumpi</span> <span class='ocrx_word' id='word_1_97' title='bbox 810 1069 903 1099; x_wconf 87' lang='lat' dir='ltr'>nou</span> <span class='ocrx_word' id='word_1_98' title='bbox 925 1063 1083 1116; x_wconf 85' lang='lat' dir='ltr'>speret</span> <span class='ocrx_word' id='word_1_99' title='bbox 1108 1071 1305 1110; x_wconf 86' lang='lat' dir='ltr'>amores,</span> 
     </span>
     <span class='ocr_line' id='line_1_16' title="bbox 149 1118 1314 1180; baseline 0.003 -17"><span class='ocrx_word' id='word_1_100' title='bbox 149 1118 464 1165; x_wconf 82' lang='lat' dir='ltr'>Tentaturum</span> <span class='ocrx_word' id='word_1_101' title='bbox 489 1118 662 1173; x_wconf 87' lang='lat' dir='ltr'>aditus,</span> <span class='ocrx_word' id='word_1_102' title='bbox 689 1127 735 1164; x_wconf 90' lang='lat' dir='ltr'>et</span> <span class='ocrx_word' id='word_1_103' title='bbox 761 1135 866 1180; x_wconf 86' lang='lat' dir='ltr'>quae</span> <span class='ocrx_word' id='word_1_104' title='bbox 888 1121 1159 1167; x_wconf 82' lang='lat' dir='ltr'>mollissima</span> <span class='ocrx_word' id='word_1_105' title='bbox 1183 1120 1314 1166; x_wconf 84' lang='lat' dir='ltr'>fandi</span> 
     </span>
     <span class='ocr_line' id='line_1_17' title="bbox 148 1183 1461 1247; baseline 0.001 -16"><span class='ocrx_word' id='word_1_106' title='bbox 148 1183 409 1247; x_wconf 82' lang='lat' dir='ltr'>Tempora,</span> <span class='ocrx_word' id='word_1_107' title='bbox 433 1185 536 1247; x_wconf 89' lang='lat' dir='ltr'>quis</span> <span class='ocrx_word' id='word_1_108' title='bbox 555 1185 697 1230; x_wconf 87' lang='lat' dir='ltr'>rebus</span> <span class='ocrx_word' id='word_1_109' title='bbox 714 1185 880 1232; x_wconf 78' lang='lat' dir='ltr'>dexter</span> <span class='ocrx_word' id='word_1_110' title='bbox 894 1189 1080 1234; x_wconf 88' lang='lat' dir='ltr'>modus.</span> <span class='ocrx_word' id='word_1_111' title='bbox 1120 1187 1272 1233; x_wconf 75' lang='lat' dir='ltr'>Ocius</span> <span class='ocrx_word' id='word_1_112' title='bbox 1298 1203 1461 1233; x_wconf 85' lang='lat' dir='ltr'>omues</span> 
     </span>
     <span class='ocr_line' id='line_1_18' title="bbox 150 1251 1197 1314; baseline 0.003 -18"><span class='ocrx_word' id='word_1_113' title='bbox 150 1251 353 1313; x_wconf 84' lang='lat' dir='ltr'>Imperio</span> <span class='ocrx_word' id='word_1_114' title='bbox 376 1252 474 1298; x_wconf 82' lang='lat' dir='ltr'>laeti</span> <span class='ocrx_word' id='word_1_115' title='bbox 500 1261 684 1314; x_wconf 88' lang='lat' dir='ltr'>parent,</span> <span class='ocrx_word' id='word_1_116' title='bbox 713 1252 912 1312; x_wconf 83' lang='lat' dir='ltr'>acjussa</span> <span class='ocrx_word' id='word_1_117' title='bbox 939 1253 1197 1301; x_wconf 81' lang='lat' dir='ltr'>facessunt.</span> 
     </span>
    </p>

    <p class='ocr_par' dir='ltr' id='par_1_3' title="bbox 147 1317 1440 1581">
     <span class='ocr_line' id='line_1_19' title="bbox 216 1317 1440 1382; baseline 0.002 -18"><span class='ocrx_word' id='word_1_118' title='bbox 216 1321 280 1364; x_wconf 88' lang='lat' dir='ltr'>At</span> <span class='ocrx_word' id='word_1_119' title='bbox 304 1319 463 1380; x_wconf 85' lang='lat' dir='ltr'>regina</span> <span class='ocrx_word' id='word_1_120' title='bbox 488 1318 621 1364; x_wconf 89' lang='lat' dir='ltr'>dolos</span> <span class='ocrx_word' id='word_1_121' title='bbox 646 1318 768 1380; x_wconf 90' lang='lat' dir='ltr'>(quis</span> <span class='ocrx_word' id='word_1_122' title='bbox 793 1317 953 1366; x_wconf 87' lang='lat' dir='ltr'>fallere</span> <span class='ocrx_word' id='word_1_123' title='bbox 979 1320 1126 1382; x_wconf 87' lang='lat' dir='ltr'>possit</span> <span class='ocrx_word' id='word_1_124' title='bbox 1149 1327 1387 1366; x_wconf 86' lang='lat' dir='ltr'>amantem</span> <span class='ocrx_word' id='word_1_125' title='bbox 1406 1320 1440 1377; x_wconf 72' lang='grc' dir='ltr'>ἔ)</span> 
     </span>
     <span class='ocr_line' id='line_1_20' title="bbox 148 1384 1306 1448; baseline 0.002 -18"><span class='ocrx_word' id='word_1_126' title='bbox 148 1384 414 1436; x_wconf 84' lang='lat' dir='ltr'>Praesensit,</span> <span class='ocrx_word' id='word_1_127' title='bbox 443 1393 692 1445; x_wconf 89' lang='lat' dir='ltr'>motusque</span> <span class='ocrx_word' id='word_1_128' title='bbox 716 1387 907 1447; x_wconf 81' lang='lat' dir='ltr'>excepit</span> <span class='ocrx_word' id='word_1_129' title='bbox 932 1388 1080 1448; x_wconf 87' lang='lat' dir='ltr'>prima</span> <span class='ocrx_word' id='word_1_130' title='bbox 1103 1385 1306 1441; x_wconf 88' lang='lat' dir='ltr'>futuros,</span> 
     </span>
     <span class='ocr_line' id='line_1_21' title="bbox 149 1451 1426 1516; baseline -0.001 -19"><span class='ocrx_word' id='word_1_131' title='bbox 149 1451 326 1498; x_wconf 83' lang='lat' dir='ltr'>Omnia</span> <span class='ocrx_word' id='word_1_132' title='bbox 351 1461 453 1498; x_wconf 81' lang='lat' dir='ltr'>tuta</span> <span class='ocrx_word' id='word_1_133' title='bbox 473 1451 656 1498; x_wconf 87' lang='lat' dir='ltr'>timens.</span> <span class='ocrx_word' id='word_1_134' title='bbox 730 1452 910 1498; x_wconf 86' lang='lat' dir='ltr'>Eadem</span> <span class='ocrx_word' id='word_1_135' title='bbox 937 1454 1084 1516; x_wconf 82' lang='lat' dir='ltr'>impia</span> <span class='ocrx_word' id='word_1_136' title='bbox 1107 1453 1231 1498; x_wconf 88' lang='lat' dir='ltr'>fama</span> <span class='ocrx_word' id='word_1_137' title='bbox 1255 1452 1426 1499; x_wconf 83' lang='lat' dir='ltr'>furenti</span> 
     </span>
     <span class='ocr_line' id='line_1_22' title="bbox 147 1517 1271 1581; baseline 0.003 -19"><span class='ocrx_word' id='word_1_138' title='bbox 147 1517 332 1564; x_wconf 89' lang='lat' dir='ltr'>Detulit</span> <span class='ocrx_word' id='word_1_139' title='bbox 357 1519 524 1564; x_wconf 83' lang='lat' dir='ltr'>armari</span> <span class='ocrx_word' id='word_1_140' title='bbox 547 1518 762 1572; x_wconf 81' lang='lat' dir='ltr'>classem,</span> <span class='ocrx_word' id='word_1_141' title='bbox 790 1535 1076 1581; x_wconf 82' lang='lat' dir='ltr'>cursumque</span> <span class='ocrx_word' id='word_1_142' title='bbox 1102 1520 1271 1581; x_wconf 85' lang='lat' dir='ltr'>parari.</span> 
     </span>
    </p>

    <p class='ocr_par' dir='ltr' id='par_1_4' title="bbox 143 1583 1455 2163">
     <span class='ocr_line' id='line_1_23' title="bbox 147 1583 1424 1647; baseline 0.001 -18"><span class='ocrx_word' id='word_1_143' title='bbox 147 1583 295 1630; x_wconf 86' lang='lat' dir='ltr'>Saevit</span> <span class='ocrx_word' id='word_1_144' title='bbox 319 1584 460 1646; x_wconf 87' lang='lat' dir='ltr'>inops</span> <span class='ocrx_word' id='word_1_145' title='bbox 480 1584 641 1639; x_wconf 81' lang='lat' dir='ltr'>animi,</span> <span class='ocrx_word' id='word_1_146' title='bbox 669 1592 918 1646; x_wconf 85' lang='lat' dir='ltr'>totamque</span> <span class='ocrx_word' id='word_1_147' title='bbox 945 1586 1134 1632; x_wconf 86' lang='lat' dir='ltr'>incensa</span> <span class='ocrx_word' id='word_1_148' title='bbox 1154 1602 1238 1647; x_wconf 89' lang='lat' dir='ltr'>per</span> <span class='ocrx_word' id='word_1_149' title='bbox 1260 1585 1424 1631; x_wconf 88' lang='lat' dir='ltr'>urbem</span> 
     </span>
     <span class='ocr_line' id='line_1_24' title="bbox 145 1649 1453 1711; baseline 0 -16"><span class='ocrx_word' id='word_1_150' title='bbox 145 1650 448 1703; x_wconf 86' lang='lat' dir='ltr'>Bacchatur;</span> <span class='ocrx_word' id='word_1_151' title='bbox 487 1649 639 1711; x_wconf 88' lang='lat' dir='ltr'>qualis</span> <span class='ocrx_word' id='word_1_152' title='bbox 665 1652 912 1698; x_wconf 88' lang='lat' dir='ltr'>commotis</span> <span class='ocrx_word' id='word_1_153' title='bbox 932 1653 1089 1697; x_wconf 77' lang='lat' dir='ltr'>excita</span> <span class='ocrx_word' id='word_1_154' title='bbox 1114 1652 1261 1698; x_wconf 80' lang='lat' dir='ltr'>sacris</span> <span class='ocrx_word' id='word_1_155' title='bbox 1364 1658 1453 1699; x_wconf 86' lang='lat'>301</span> 
     </span>
     <span class='ocr_line' id='line_1_25' title="bbox 143 1716 1379 1779; baseline 0 -17"><span class='ocrx_word' id='word_1_156' title='bbox 143 1716 327 1779; x_wconf 68' lang='lat' dir='ltr'>Thyas,</span> <span class='ocrx_word' id='word_1_157' title='bbox 356 1717 436 1762; x_wconf 92' lang='lat' dir='ltr'>ubi</span> <span class='ocrx_word' id='word_1_158' title='bbox 461 1716 626 1762; x_wconf 86' lang='lat' dir='ltr'>audito</span> <span class='ocrx_word' id='word_1_159' title='bbox 651 1716 896 1764; x_wconf 83' lang='lat' dir='ltr'>stimulant</span> <span class='ocrx_word' id='word_1_160' title='bbox 920 1718 1157 1764; x_wconf 83' lang='lat' dir='ltr'>trieterica</span> <span class='ocrx_word' id='word_1_161' title='bbox 1186 1718 1379 1764; x_wconf 86' lang='lat' dir='ltr'>Baccho</span> 
     </span>
     <span class='ocr_line' id='line_1_26' title="bbox 145 1783 1391 1845; baseline 0 -16"><span class='ocrx_word' id='word_1_162' title='bbox 145 1783 311 1845; x_wconf 87' lang='lat' dir='ltr'>Orgia,</span> <span class='ocrx_word' id='word_1_163' title='bbox 341 1792 704 1844; x_wconf 88' lang='lat' dir='ltr'>nocturnusque</span> <span class='ocrx_word' id='word_1_164' title='bbox 730 1792 871 1830; x_wconf 85' lang='lat' dir='ltr'>vocat</span> <span class='ocrx_word' id='word_1_165' title='bbox 896 1785 1104 1831; x_wconf 80' lang='lat' dir='ltr'>clamore</span> <span class='ocrx_word' id='word_1_166' title='bbox 1131 1784 1391 1831; x_wconf 64' lang='lat' dir='ltr'>Cithaeron.</span> 
     </span>
     <span class='ocr_line' id='line_1_27' title="bbox 143 1849 1367 1912; baseline 0.001 -17"><span class='ocrx_word' id='word_1_167' title='bbox 143 1849 361 1896; x_wconf 86' lang='lat' dir='ltr'>Tandem</span> <span class='ocrx_word' id='word_1_168' title='bbox 389 1850 461 1896; x_wconf 87' lang='lat' dir='ltr'>his</span> <span class='ocrx_word' id='word_1_169' title='bbox 486 1850 682 1896; x_wconf 82' lang='lat' dir='ltr'>AEneam</span> <span class='ocrx_word' id='word_1_170' title='bbox 710 1850 968 1912; x_wconf 83' lang='lat' dir='ltr'>compellat</span> <span class='ocrx_word' id='word_1_171' title='bbox 988 1851 1187 1897; x_wconf 83' lang='lat' dir='ltr'>vocibus</span> <span class='ocrx_word' id='word_1_172' title='bbox 1213 1850 1367 1896; x_wconf 86' lang='lat' dir='ltr'>ultro:</span> 
     </span>
     <span class='ocr_line' id='line_1_28' title="bbox 144 1915 1301 1979; baseline -0.002 -17"><span class='ocrx_word' id='word_1_173' title='bbox 144 1915 455 1962; x_wconf 87' lang='lat' dir='ltr'>Dissimulare</span> <span class='ocrx_word' id='word_1_174' title='bbox 475 1915 616 1961; x_wconf 88' lang='lat' dir='ltr'>etiam</span> <span class='ocrx_word' id='word_1_175' title='bbox 646 1916 866 1976; x_wconf 68' lang='lat' dir='ltr'>sperasti,</span> <span class='ocrx_word' id='word_1_176' title='bbox 894 1917 1093 1979; x_wconf 89' lang='lat' dir='ltr'>perfide,</span> <span class='ocrx_word' id='word_1_177' title='bbox 1121 1925 1301 1963; x_wconf 82' lang='lat' dir='ltr'>tantum</span> 
     </span>
     <span class='ocr_line' id='line_1_29' title="bbox 146 1982 1327 2043; baseline -0.002 -15"><span class='ocrx_word' id='word_1_178' title='bbox 146 1983 293 2030; x_wconf 86' lang='lat' dir='ltr'>Posse</span> <span class='ocrx_word' id='word_1_179' title='bbox 318 1982 468 2037; x_wconf 85' lang='lat' dir='ltr'>nefas,</span> <span class='ocrx_word' id='word_1_180' title='bbox 494 1982 766 2043; x_wconf 86' lang='lat' dir='ltr'>tacitusque</span> <span class='ocrx_word' id='word_1_181' title='bbox 793 1985 894 2030; x_wconf 67' lang='lat' dir='ltr'>mea</span> <span class='ocrx_word' id='word_1_182' title='bbox 917 1984 1148 2030; x_wconf 91' lang='lat' dir='ltr'>decedere</span> <span class='ocrx_word' id='word_1_183' title='bbox 1174 1982 1327 2029; x_wconf 67' lang='lat' dir='ltr'>terra?</span> 
     </span>
     <span class='ocr_line' id='line_1_30' title="bbox 145 2046 1455 2111; baseline -0.002 -17"><span class='ocrx_word' id='word_1_184' title='bbox 145 2048 313 2096; x_wconf 89' lang='lat' dir='ltr'>Necte</span> <span class='ocrx_word' id='word_1_185' title='bbox 338 2057 495 2095; x_wconf 84' lang='lat' dir='ltr'>noster</span> <span class='ocrx_word' id='word_1_186' title='bbox 511 2065 659 2103; x_wconf 84' lang='lat' dir='ltr'>amor,</span> <span class='ocrx_word' id='word_1_187' title='bbox 682 2064 768 2095; x_wconf 90' lang='lat' dir='ltr'>nec</span> <span class='ocrx_word' id='word_1_188' title='bbox 787 2058 833 2095; x_wconf 88' lang='lat' dir='ltr'>te</span> <span class='ocrx_word' id='word_1_189' title='bbox 850 2050 962 2096; x_wconf 86' lang='lat' dir='ltr'>data</span> <span class='ocrx_word' id='word_1_190' title='bbox 978 2050 1175 2096; x_wconf 80' lang='lat' dir='ltr'>dextera</span> <span class='ocrx_word' id='word_1_191' title='bbox 1193 2046 1455 2111; x_wconf 88' lang='lat' dir='ltr'>quondam,</span> 
     </span>
     <span class='ocr_line' id='line_1_31' title="bbox 144 2114 1237 2163; baseline 0.003 -3"><span class='ocrx_word' id='word_1_192' title='bbox 144 2115 250 2160; x_wconf 89' lang='lat' dir='ltr'>Nec</span> <span class='ocrx_word' id='word_1_193' title='bbox 275 2115 503 2161; x_wconf 82' lang='lat' dir='ltr'>moritura</span> <span class='ocrx_word' id='word_1_194' title='bbox 528 2123 658 2161; x_wconf 87' lang='lat' dir='ltr'>tenet</span> <span class='ocrx_word' id='word_1_195' title='bbox 681 2115 866 2162; x_wconf 90' lang='lat' dir='ltr'>crudeli</span> <span class='ocrx_word' id='word_1_196' title='bbox 887 2116 1050 2162; x_wconf 87' lang='lat' dir='ltr'>funere</span> <span class='ocrx_word' id='word_1_197' title='bbox 1071 2114 1237 2163; x_wconf 63' lang='lat' dir='ltr'>Dido?</span> 
     </span>
    </p>

    <p class='ocr_par' dir='ltr' id='par_1_5' title="bbox 144 2181 1286 2243">
     <span class='ocr_line' id='line_1_32' title="bbox 144 2181 1286 2243; baseline 0.001 -17"><span class='ocrx_word' id='word_1_198' title='bbox 144 2181 271 2235; x_wconf 85' lang='lat' dir='ltr'>Quin</span> <span class='ocrx_word' id='word_1_199' title='bbox 292 2182 432 2227; x_wconf 86' lang='lat' dir='ltr'>etiam</span> <span class='ocrx_word' id='word_1_200' title='bbox 458 2181 671 2243; x_wconf 82' lang='lat' dir='ltr'>hyberno</span> <span class='ocrx_word' id='word_1_201' title='bbox 698 2182 874 2228; x_wconf 87' lang='lat' dir='ltr'>moliris</span> <span class='ocrx_word' id='word_1_202' title='bbox 897 2183 1048 2231; x_wconf 89' lang='lat' dir='ltr'>sidere</span> <span class='ocrx_word' id='word_1_203' title='bbox 1075 2183 1286 2236; x_wconf 86' lang='lat' dir='ltr'>classem,</span> 
     </span>
    </p>

    <p class='ocr_par' dir='ltr' id='par_1_6' title="bbox 142 2246 1456 2511">
     <span class='ocr_line' id='line_1_33' title="bbox 143 2246 1456 2311; baseline -0.002 -18"><span class='ocrx_word' id='word_1_204' title='bbox 143 2248 205 2294; x_wconf 86' lang='lat' dir='ltr'>Et</span> <span class='ocrx_word' id='word_1_205' title='bbox 229 2246 395 2293; x_wconf 88' lang='lat' dir='ltr'>mediis</span> <span class='ocrx_word' id='word_1_206' title='bbox 414 2263 644 2310; x_wconf 84' lang='lat' dir='ltr'>properas</span> <span class='ocrx_word' id='word_1_207' title='bbox 665 2248 987 2309; x_wconf 84' lang='lat' dir='ltr'>Aquilonibus</span> <span class='ocrx_word' id='word_1_208' title='bbox 1004 2249 1068 2295; x_wconf 94' lang='lat' dir='ltr'>ire</span> <span class='ocrx_word' id='word_1_209' title='bbox 1081 2249 1341 2311; x_wconf 86' lang='lat' dir='ltr'>peraltum,</span> <span class='ocrx_word' id='word_1_210' title='bbox 1361 2252 1456 2293; x_wconf 87' lang='grc'>310</span> 
     </span>
     <span class='ocr_line' id='line_1_34' title="bbox 144 2312 1400 2374; baseline -0.001 -15"><span class='ocrx_word' id='word_1_211' title='bbox 144 2313 402 2361; x_wconf 67' lang='lat' dir='ltr'>Crudelis?</span> <span class='ocrx_word' id='word_1_212' title='bbox 439 2312 608 2367; x_wconf 64' lang='lat' dir='ltr'>Quid?</span> <span class='ocrx_word' id='word_1_213' title='bbox 643 2312 679 2358; x_wconf 90' lang='lat' dir='ltr'>si</span> <span class='ocrx_word' id='word_1_214' title='bbox 705 2329 797 2360; x_wconf 88' lang='lat' dir='ltr'>non</span> <span class='ocrx_word' id='word_1_215' title='bbox 825 2332 936 2362; x_wconf 83' lang='lat' dir='ltr'>arva</span> <span class='ocrx_word' id='word_1_216' title='bbox 959 2315 1109 2363; x_wconf 87' lang='lat' dir='ltr'>aliena</span> <span class='ocrx_word' id='word_1_217' title='bbox 1136 2316 1400 2374; x_wconf 86' lang='lat' dir='ltr'>domosque</span> 
     </span>
     <span class='ocr_line' id='line_1_35' title="bbox 142 2378 1281 2444; baseline 0.002 -18"><span class='ocrx_word' id='word_1_218' title='bbox 142 2378 338 2441; x_wconf 84' lang='lat' dir='ltr'>Ignotas</span> <span class='ocrx_word' id='word_1_219' title='bbox 363 2387 563 2442; x_wconf 88' lang='lat' dir='ltr'>peteres,</span> <span class='ocrx_word' id='word_1_220' title='bbox 586 2388 631 2425; x_wconf 88' lang='lat' dir='ltr'>et</span> <span class='ocrx_word' id='word_1_221' title='bbox 655 2380 803 2440; x_wconf 87' lang='lat' dir='ltr'>Troja</span> <span class='ocrx_word' id='word_1_222' title='bbox 828 2383 1024 2444; x_wconf 86' lang='lat' dir='ltr'>antiqua</span> <span class='ocrx_word' id='word_1_223' title='bbox 1045 2390 1281 2435; x_wconf 84' lang='lat' dir='ltr'>maneret;</span> 
     </span>
     <span class='ocr_line' id='line_1_36' title="bbox 142 2445 1421 2511; baseline 0.002 -19"><span class='ocrx_word' id='word_1_224' title='bbox 142 2446 293 2509; x_wconf 78' lang='lat' dir='ltr'>&#39;stoja</span> <span class='ocrx_word' id='word_1_225' title='bbox 318 2462 404 2509; x_wconf 84' lang='lat' dir='ltr'>per</span> <span class='ocrx_word' id='word_1_226' title='bbox 431 2445 668 2493; x_wconf 88' lang='lat' dir='ltr'>undosum</span> <span class='ocrx_word' id='word_1_227' title='bbox 695 2455 935 2508; x_wconf 82' lang='lat' dir='ltr'>peteretur</span> <span class='ocrx_word' id='word_1_228' title='bbox 955 2448 1190 2496; x_wconf 81' lang='lat' dir='ltr'>classibus</span> <span class='ocrx_word' id='word_1_229' title='bbox 1216 2448 1421 2511; x_wconf 74' lang='lat' dir='ltr'>aequor3</span> 
     </span>
    </p>
   </div>
  </div>
 </body>
</html>
