1614 2694
559 89 860 123 Bucoch.
905 88 1024 124 ECL.
1060 88 1118 125 x,
1429 83 1486 125 31

177 183 276 240 Ire;
315 183 433 230 libet
445 182 624 228 Partho
651 190 874 244 torquere
901 181 1121 243 Cydonia
1146 198 1293 229 cornu
1430 189 1493 240 59

177 249 398 312 Spicula;
427 256 654 310 tanquam
677 248 779 294 haec
796 247 853 293 sit
872 248 1023 293 nostri
1047 249 1282 294 medicina
1302 248 1489 307 furoris,

176 318 275 362 Aut
303 316 430 361 Deus
454 315 533 360 ille
558 314 693 360 malis
719 313 962 360 hominum
990 314 1236 361 mitescere
1263 316 1434 362 discat.

173 382 279 428 Jam
323 396 478 441 neque
504 380 871 443 Hamadryades
912 397 1111 434 rursum,
1150 397 1235 427 nec
1280 382 1493 429 earmina

176 448 284 509 Ipsa
304 448 522 507 placent:
552 449 666 508 ipsae
687 465 867 493 rursum
887 447 1141 492 concedite
1162 448 1306 493 silvae.
1331 449 1491 511 [uobis

173 514 285 560 Non
310 514 440 559 illurn
469 514 616 559 nostri
644 523 839 576 possum!
871 522 1053 559 mutare
1079 513 1291 566 labores;

175 580 280 626 Nec
306 581 340 625 si
368 579 624 642 frigoribus
654 581 817 625 mediis
843 580 1161 641 Hebrumque
1189 580 1426 638 bibamus,

173 646 505 708 Sithoniasque
531 646 663 692 nives
691 646 873 710 hyemis
901 646 1156 693 subeamus
1183 662 1403 708 aquosae:

171 712 279 759 Nec
306 712 361 769 si,
389 713 500 759 cum
528 713 733 758 moriens
760 713 853 759 alla
878 713 998 759 liber
1022 722 1121 759 aret
1144 712 1189 758 in
1218 712 1359 769 ulmo,

170 778 448 841 AEthiopum
476 795 717 825 versemus
743 795 853 825 oves
882 780 972 825 sub
1001 779 1152 825 sidere
1178 779 1370 826 Cancri.

171 844 348 891 Omnia
371 844 520 892 vincit
544 861 676 891 amor
697 862 709 900 ;
747 853 794 891 et
819 862 905 891 nos
931 845 1158 892 cedamus
1195 845 1358 891 amori.

169 911 292 958 Haec
317 919 392 958 sat
408 912 510 967 erit,
537 913 694 968 Divae,
714 919 920 958 vestrum
939 912 1167 959 cecinisse
1188 917 1400 975 poetam,
1426 916 1486 967 70

169 978 301 1024 Dum
328 977 481 1034 sedet,
509 987 556 1025 et
581 979 747 1040 gracili
772 978 998 1026 fiscellam
1025 980 1144 1026 texit
1172 979 1374 1035 hibisco,

169 1044 411 1091 Pierides:
450 1060 533 1091 vos
560 1046 663 1092 haec
683 1045 868 1092 facietis
895 1047 1103 1093 maxima
1130 1046 1276 1092 Gallo
1302 1063 1312 1099 ;

169 1110 330 1167 Gallo,
358 1111 496 1174 cujus
521 1128 654 1159 amor
679 1111 865 1158 tantum
892 1113 1008 1159 mihi
1035 1112 1208 1159 crescit
1235 1112 1280 1158 in
1309 1112 1466 1170 horas,

170 1178 419 1231 Quantum
444 1195 550 1226 vere
577 1195 702 1224 novo
729 1179 890 1225 viridis
917 1197 965 1227 se
993 1180 1191 1242 subjicit
1218 1180 1373 1227 alnus.

168 1245 457 1306 Surgamus:
493 1245 616 1293 solet
639 1262 741 1292 esse
768 1246 922 1308 gravis
950 1247 1256 1293 cantantibus
1284 1247 1486 1301 umbra3

163 1311 382 1375 Juniperi
394 1313 550 1375 gravis
571 1312 757 1368 umbra,
783 1322 958 1360 nocent
975 1322 1023 1360 et
1045 1314 1265 1376 frugibus
1286 1315 1482 1359 umbrae.

166 1377 240 1425 Ite
274 1378 471 1427 domum
504 1387 696 1438 saturae,
721 1380 850 1427 venit
874 1381 1135 1444 Hesperus,
1181 1380 1246 1427 ite
1272 1380 1469 1444 capellae
