1546 2686
521 99 828 136 (monarcis.
880 101 988 137 Lm.
1030 102 1102 137 lv,
1400 100 1462 149 79

166 219 380 267 Membra
427 220 733 282 sequebatur;
776 236 860 269 nec
901 220 1043 284 longo
1068 222 1238 270 deinde
1262 231 1463 271 moranti

162 285 398 348 Tempore
441 295 692 334 contactos
717 295 845 334 artus
870 303 1002 334 sacer
1024 289 1140 350 ignis
1165 290 1356 338 edebat.

665 439 844 478 LIBER
873 439 950 479 lv.

158 527 490 597 PROTENUS
516 549 630 596 a'erii
655 548 801 595 mellis
826 548 1040 596 coelestia
1058 548 1186 597 dona

154 618 400 679 Exequar:
427 617 548 662 lianc
572 615 730 672 etiam,
770 617 1028 673 Maecenas,
1071 616 1235 679 aspice
1259 625 1458 680 partem.

155 683 450 730 Admiranda
476 682 564 729 tibi
588 682 760 729 levium
786 683 1060 745 spectacula
1084 699 1255 740 rerum,

154 750 585 811 Magnanimosque
604 748 763 805 duces,
790 749 1032 810 totiusque
1058 748 1221 796 ordine
1246 750 1395 811 gentis

154 816 333 872 Mores,
359 825 405 862 et
429 815 598 872 studia,
623 822 670 862 et
693 821 916 877 populos,
944 824 992 862 et
1015 815 1177 878 praelia
1202 817 1375 864 dicam.

153 882 208 928 In
234 883 360 929 tenui
385 883 540 937 labor;
566 890 612 928 at
638 882 788 928 tenuis
813 898 904 927 non
931 881 1099 943 gloria;
1126 882 1162 928 si
1188 900 1326 945 quem

153 948 361 996 Numina
381 949 498 995 laeva
523 949 698 1004 sinunt,
725 947 954 1009 auditque
979 956 1178 995 vocatus
1200 949 1393 1012 Apollo.

218 1015 460 1077 Principio
486 1014 620 1062 sedes
645 1014 812 1076 apibus
833 1014 1069 1077 statioque
1094 1016 1315 1077 petenda,

151 1080 263 1136 Quo
289 1097 442 1144 neque
467 1082 524 1129 sit
550 1081 698 1127 ventis
723 1080 882 1127 aditus
899 1085 1025 1140 (narn
1047 1082 1222 1144 pabula
1247 1082 1372 1130 venti

151 1148 291 1196 Ferre
315 1149 509 1195 domum
533 1147 808 1210 probibent)
824 1163 977 1210 neque
1003 1164 1114 1195 oves
1140 1149 1360 1213 haedique
1380 1166 1459 1212 pe-

282 1215 398 1262 tulci
1400 1225 1459 1264 10

150 1280 365 1329 Floribus
389 1281 635 1337 insultent,
657 1288 739 1328 aut
764 1296 920 1328 errans
945 1279 1120 1330 bucula
1146 1297 1313 1344 campo

149 1348 374 1395 Decutiat
396 1364 567 1401 rorem,
593 1355 641 1394 et
664 1355 902 1409 surgentes
928 1356 1103 1395 atterat
1123 1348 1310 1397 herbas.

149 1414 324 1461 Absint
347 1423 394 1462 et
419 1415 531 1476 picti
557 1413 823 1476 squalentia
847 1421 974 1475 terga
999 1414 1162 1461 lacerti
1311 1416 1456 1479 [cres,

148 1479 412 1542 Pinguibus
435 1497 462 1527 a
486 1479 700 1536 stabulis,
729 1495 1058 1543 meropesque,
1085 1482 1285 1544 aliaeque
1328 1484 1459 1530 volu-

150 1547 212 1593 Et
232 1548 449 1594 manibus
473 1548 655 1593 Procne
680 1554 847 1607 pectus
869 1546 1050 1608 signata
1073 1549 1293 1596 cruentis.

150 1613 327 1661 Omnia
353 1630 459 1660 nam
484 1613 577 1661 late
604 1620 804 1668 vastant,
832 1612 1054 1675 ipsasque
1080 1614 1292 1662 volantes

150 1680 246 1726 Ore
272 1680 447 1736 ferunt,
475 1680 667 1727 dulcem
693 1679 815 1725 nidis
841 1679 1098 1727 immitibus
1124 1697 1301 1729 escam.

148 1748 213 1793 At
236 1746 406 1810 liquidi
432 1746 600 1802 fontes,
623 1753 671 1792 et
695 1753 857 1808 stagna
885 1746 1082 1793 virentia
1108 1763 1275 1794 musco

149 1813 342 1870 Adsint,
367 1821 414 1861 et
438 1813 593 1860 tenuis
617 1812 798 1875 fugiens
825 1828 909 1874 per
932 1813 1139 1875 gramina
1163 1814 1311 1869 rivus;

149 1879 406 1942 Palmaque
433 1879 735 1935 vestibulum,
762 1888 842 1925 aut
876 1879 1036 1943 ingens
1072 1881 1272 1928 oleaster
1304 1882 1456 1928 inum-

283 1947 408 1994 bret:
1394 1956 1456 1998 20

149 2013 232 2068 Ut,
260 2012 370 2060 cum
398 2013 549 2076 prima
574 2012 684 2058 novi
710 2011 889 2060 ducent
915 2013 1133 2060 examina
1156 2030 1290 2077 reges

149 2081 271 2126 Vere
295 2097 399 2136 suo,
428 2079 655 2141 ludetque
680 2078 795 2125 favis
813 2080 982 2127 emissa
1001 2080 1255 2142 juventus;

150 2146 316 2193 Vicina
341 2147 506 2194 invitet
530 2146 762 2194 decedere
788 2146 890 2208 ripa
916 2147 1078 2203 calori,

150 2213 402 2275 Obviaque
430 2213 647 2276 hospitiis
671 2222 832 2261 teneat
851 2212 1174 2262 frondentibus
1198 2213 1353 2261 arbos,

217 2279 270 2325 In
288 2280 512 2337 medium
530 2296 613 2327 seu
627 2280 926 2337 stabitlners
943 2297 1025 2328 seu
1041 2280 1249 2343 profluet
1270 2283 1453 2336 humor,

150 2345 467 2393 Transversas
489 2347 652 2394 salices
676 2355 724 2394 et
749 2347 944 2409 grandia
969 2347 1156 2423 conjice
1181 2363 1320 2402 saxa;

151 2411 382 2460 Pontibus
407 2422 459 2460 ut
484 2414 658 2461 crebris
685 2414 863 2476 possint
889 2414 1157 2471 consistere,
1182 2423 1230 2461 et
1253 2414 1350 2460 alas

155 2478 366 2526 Pandere
389 2481 447 2526 ad
472 2481 690 2527 aestivum
710 2479 868 2527 Solem
889 2498 900 2535 ;
928 2481 966 2526 si
991 2480 1113 2527 forte
1139 2489 1373 2528 morantes

153 2545 402 2604 Sparserit,
420 2556 496 2593 aut
517 2562 730 2610 praeceps
750 2547 977 2609 Neptuno
995 2546 1264 2595 immerserit
1284 2547 1451 2593 Eurus.
