1607 2700
536 141 800 178 AENEIDOS
844 141 957 176 LIB.
1001 140 1128 174 V111.
1396 132 1481 179 ‘271

170 260 278 317 Quo
306 261 408 318 tibi,
435 260 573 316 Diva,
601 261 725 309 mei?
763 262 922 308 similis
948 260 985 306 si
1011 276 1126 307 cura
1148 260 1338 318 fuisset,

168 330 292 375 Tum
319 343 510 391 quoque
535 328 606 375 fas
630 328 770 376 nobis
795 329 1011 374 Teucros
1036 343 1216 373 armare
1241 327 1422 374 fuisset.

167 396 269 442 Nec
296 403 428 456 pater
451 395 753 457 omnipotens
777 395 994 454 Tro-jam,
1024 409 1112 439 nec
1140 393 1239 438 fata
1265 395 1491 440 vetabant

165 463 319 516 Stare,
346 461 616 523 decemque
641 462 754 508 alios
780 461 1022 509 Priamum
1049 475 1290 521 superesse
1312 477 1393 522 per
1412 476 1492 506 an-

298 540 401 571 nos.
1397 533 1490 583 399

170 591 227 636 Et
255 606 398 647 nunc,
426 590 462 636 si
479 590 654 636 bellare
672 606 829 653 paras,
851 598 997 653 atque
1017 589 1120 636 haec
1141 589 1371 638 tibimens
1393 603 1489 648 est;

167 657 411 719 Quicquid
440 657 486 703 in
512 665 611 703 arte
637 658 742 704 mea
769 673 963 719 possum
990 658 1264 718 promittere
1291 675 1436 715 curae,

166 723 311 778 Quod
338 723 441 770 fieri
466 723 606 780 ferro,
634 723 873 786 liquidove
898 732 1057 785 potest
1077 724 1272 781 electro,

166 790 414 844 Quantum
435 791 567 853 ignes
584 791 851 852 animaeque
873 791 1060 837 valent:
1099 792 1493 854 absisteprecan-

164 857 359 903 Viribus
378 857 647 903 indubitare
676 857 787 903 tuis.
861 858 927 903 Ea
955 858 1097 904 verba
1125 858 1335 915 locutus,
1408 861 1493 922 [do

167 924 376 986 Optatos
403 923 537 970 dedit
561 923 826 986 amplexus,
854 923 1199 984 placidumque
1225 926 1395 986 petivit

167 990 393 1051 Conjugis
419 990 605 1036 infusus
633 989 812 1050 gremio
838 1005 924 1051 per
950 992 1161 1037 membra
1187 1008 1404 1052 soporem

232 1056 367 1111 Inde,
394 1055 476 1102 ubi
501 1056 651 1118 prima
677 1055 810 1117 quies
828 1056 984 1102 medio
1002 1057 1108 1117 jam
1129 1059 1282 1104 noctis
1304 1059 1493 1105 abactae

165 1123 414 1169 Curriculo
439 1122 685 1184 expulerat
721 1138 958 1177 somnum;
1002 1123 1109 1169 cum
1154 1123 1363 1180 foemiua,
1400 1127 1494 1188 pri-

165 1189 254 1236 Cui
282 1191 480 1237 tolerare
505 1191 615 1236 colo
639 1191 781 1238 vitam
805 1191 1030 1252 tenuique
1058 1191 1291 1246 Minerva,
1341 1193 1483 1254 [mun

165 1256 444 1318 Impositum
473 1257 682 1304 cinerem
707 1264 755 1302 et
779 1257 963 1318 sopitos
989 1256 1185 1303 suscitat
1211 1257 1357 1318 ignes,
1395 1264 1487 1306 410

165 1322 375 1372 Noctem
389 1322 575 1371 addens
586 1323 736 1384 operi,
753 1325 1055 1384 famulasque>
1071 1323 1128 1369 ad
1151 1325 1325 1370 lumina
1351 1326 1497 1384 longo

169 1387 371 1432 Exercet
397 1402 570 1447 penso:
610 1394 791 1432 castum
819 1399 871 1432 ut
897 1402 1081 1432 servare
1106 1387 1263 1432 cubile

169 1452 418 1514 Conjugis,
446 1461 494 1498 et
519 1453 670 1513 possit
689 1468 862 1513 parvos
887 1452 1090 1498 educere
1117 1461 1270 1498 natos.

171 1517 312 1564 Haud
340 1535 478 1565 secus
503 1519 789 1580 ignipotens,
818 1533 907 1564 nec
936 1526 1152 1580 tempore
1180 1518 1368 1579 segnior
1392 1519 1492 1577 illo,

171 1585 399 1631 Mollibus
420 1601 446 1630 e
473 1585 632 1631 stratis
659 1601 805 1647 opera
830 1583 890 1629 ad
918 1583 1105 1629 fabrilia
1133 1585 1296 1646 surgit.

235 1652 395 1698 Insula
418 1651 659 1697 Sicanium
680 1651 824 1712 Juxta
849 1651 970 1697 latus
997 1651 1295 1713 AEoliamque

166 1718 377 1780 Erigitur
399 1718 623 1780 Liparen,
651 1716 943 1764 fumantibus
970 1718 1122 1764 ardua
1145 1719 1294 1764 saxis:

167 1785 325 1838 Quam
348 1786 512 1831 subter
533 1800 705 1846 specus
731 1793 777 1831 et
805 1784 1078 1847 Cyclopum
1103 1801 1242 1831 exesa
1267 1785 1460 1830 caminis

166 1853 318 1898 Antra
346 1854 526 1899 AEtnaea
552 1859 738 1907 tonant,
765 1851 1005 1913 validique
1031 1851 1287 1897 incudibus
1314 1852 1439 1897 ictus

166 1918 556 1966 Auditireferunt
575 1920 816 1978 gemitum,
841 1918 1142 1980 striduntque
1165 1918 1377 1964 cavernis
1396 1925 1494 1966 42³0

168 1984 414 2032 Stricturae
441 1984 728 2046 Chalybum,
756 1993 803 2031 et
824 1983 1094 2031 fornacibus
1121 1984 1244 2047 ignis
1270 1984 1491 2040 anhelat;

168 2051 368 2098 Vulcani
393 2050 580 2107 domus,
607 2059 655 2097 et
679 2051 909 2097 Vulcania
934 2052 1120 2097 nomine
1148 2051 1304 2098 telluS.

171 2119 280 2166 Huc
307 2127 420 2166 tunc
444 2118 710 2180 ignipotens
738 2119 859 2164 coelo
884 2118 1136 2164 descendit
1161 2118 1220 2164 ab
1245 2118 1359 2165 alto.

170 2186 360 2232 Ferrum
385 2185 677 2232 exercebant
702 2193 837 2231 vasto
865 2186 1103 2247 Cyclopes
1131 2185 1177 2231 in
1204 2194 1358 2241 antro,

169 2252 482 2314 Brontesque,
519 2253 853 2314 Steropesque,
887 2259 935 2297 ct
967 2251 1122 2298 nudus
1159 2253 1371 2298 membra
1403 2251 1492 2314 Py-

300 2335 506 2366 racmon.

172 2386 261 2431 His
286 2385 592 2433 informatum
620 2385 834 2432 manibus
851 2384 955 2446 jam
982 2392 1117 2448 parte
1144 2384 1292 2447 polita

172 2452 362 2499 Fulmen
387 2461 503 2510 erat,
531 2462 634 2500 toto
659 2453 843 2515 genitor
866 2468 974 2515 quae
999 2452 1203 2515 plurima
1232 2449 1350 2497 coelo

169 2517 344 2580 Dejicit
370 2519 415 2566 in
442 2529 607 2576 terras,
635 2535 743 2583 pars
767 2517 1047 2580 imperfecta
1073 2518 1310 2565 manebat.
