1546 2686
0 2292 2 2377 i

0 2543 7 2686 l

488 104 491 105 ⁷
532 97 835 133 GEonoiCA.
877 98 989 133 Lm.
1027 98 1102 133 ιν.
1135 142 1139 146 .
1396 91 1456 143 89

137 212 472 276 Obstupuere:
501 213 594 262 sed.
618 225 730 265 ante
755 216 873 262 alias
899 217 1138 264 Arethusa
1162 233 1347 264 sorores

136 281 456 342 Prospiciens,
495 283 683 330 summa
709 282 882 329 flavum
908 290 1057 344 caput
1080 284 1249 329 extulit
1274 283 1420 329 unda.

135 348 199 394 Et
221 346 390 409 procul
412 362 423 392 :
461 347 505 393 O
533 350 707 410 gemitu
735 366 830 396 non
857 348 1030 396 frustra
1053 350 1276 396 exterrita
1300 357 1453 406 tanto,

134 413 317 474 Cyrene
341 428 507 470 soror;
545 416 648 479 ipse
674 417 777 472 tibi,
805 424 891 463 tua
915 417 1120 464 maxima
1144 432 1278 471 cura,

133 477 310 524 Tristis
335 479 583 539 Aristaeus,
613 483 755 529 Penei
780 483 1003 545 genitoris
1029 483 1086 528 ad
1114 481 1289 527 undam

135 545 242 590 Stat
263 543 548 607 lacrymans,
573 558 620 596 et
645 558 691 597 te
716 550 957 596 crudelem
984 548 1171 595 nomine
1189 547 1322 593 dicit.

132 610 257 661 Huic
281 617 504 672 perculsa
529 617 654 663 nova
680 626 883 663 mentem
908 615 1156 661 formidine
1183 620 1346 667 mater,

139 682 247 729 Duc
272 699 375 743 age,
413 684 510 730 duc
535 683 595 729 ad
625 700 742 737 nos3
778 681 847 728 fas
877 682 941 727 illi
967 681 1125 727 limina
1152 679 1323 726 Divum

134 748 368 811 Tangere,
396 750 478 796 ait.
549 750 699 796 Simul
722 750 816 795 alta
836 748 982 810 jubet
1005 747 1244 794 discedere
1264 747 1357 792 late

134 815 370 871 Flumina,
396 815 491 878 qua
504 816 698 878 juvenis
712 832 897 875 gressus
912 815 1127 868 inferret3
1153 814 1342 861 atillum
1362 810 1458 860 360

135 881 343 928 Curvata
367 882 411 928 in
439 884 614 930 montis
639 882 805 929 faciem
832 881 1151 927 circumstetit
1177 880 1317 934 unda,

134 948 438 1010 Accepitque
465 950 569 995 sinu
594 956 744 1005 vasto,
767 948 983 1010 misitque
1009 948 1097 993 sub
1116 964 1324 993 amnem.

132 1013 336 1076 Jamque
352 1015 547 1061 domum
569 1015 739 1061 mirans
760 1014 995 1076 genitricis
1013 1022 1059 1060 et
1081 1014 1275 1059 humida
1297 1026 1454 1072 regna,

132 1080 484 1143 Speluncisque
509 1082 641 1127 lacus
668 1082 872 1139 clausos,
893 1081 1124 1141 lucosque
1151 1090 1388 1133 sonantes,

135 1146 280 1201 Ibat3
318 1155 366 1194 et
390 1148 567 1210 ingenti
592 1155 725 1194 motu
752 1146 1051 1208 stupefactus
1076 1162 1325 1208 aquarum,

133 1213 311 1269 Omnia
336 1213 425 1260 sub
447 1215 612 1275 magna
633 1213 839 1259 labentia
864 1212 1058 1259 flumina
1081 1213 1206 1258 terra

133 1279 397 1340 Spectabat
422 1279 608 1326 diversa
632 1279 767 1334 locis,
806 1279 1101 1340 Phasimque,
1129 1279 1422 1340 Lycumque,

135 1346 199 1393 Et
227 1355 388 1408 caput,
414 1346 542 1393 unde
566 1346 687 1392 altus
708 1344 911 1407 primum
935 1360 983 1390 se
999 1347 1204 1406 erumpit
1227 1346 1438 1409 Enipeus

133 1409 278 1463 Unde
304 1421 439 1474 pater
462 1412 732 1467 Tiberinus,
773 1419 819 1457 et
845 1410 969 1457 unde
987 1411 1168 1457 Aniena
1195 1410 1389 1467 fluenta,

134 1479 465 1541 Saxosumque
490 1494 659 1525 sonans
685 1478 921 1539 Hypatini,
947 1479 1207 1539 Mysusque
1233 1479 1421 1533 Cai'cus,

135 1545 198 1594 Et
221 1545 408 1606 gemina
430 1552 624 1591 auratus
650 1544 838 1591 taurino
863 1559 1040 1590 cornua
1065 1544 1194 1590 vultu
1362 1550 1451 1601 371

135 1610 390 1668 Eridanus,
429 1627 527 1673 quo
552 1627 647 1656 non
673 1610 792 1657 alius
818 1626 905 1672 per
928 1609 1121 1672 pinguia
1145 1610 1273 1657 culta

133 1677 190 1726 In
216 1693 342 1725 mare
361 1694 652 1741 purpureum
681 1676 929 1723 violentior
953 1675 1103 1723 influit
1126 1677 1294 1724 amnis.

203 1745 466 1807 Postquam
481 1751 553 1790 est
572 1744 617 1790 in
638 1743 833 1791 thalami
849 1743 1104 1805 pendentia
1124 1744 1316 1805 pumice
1331 1751 1458 1791 tecta

134 1810 443 1866 Perventum,
470 1818 517 1857 et
542 1810 638 1856 nati
664 1810 802 1857 fletus
828 1809 1055 1871 cognovit
1078 1809 1240 1857 inanes

133 1877 352 1939 Cyrene;
391 1876 608 1923 manibus
633 1874 842 1938 liquidos
868 1876 983 1922 dant
1008 1875 1169 1922 ordine
1203 1876 1358 1924 fontes

134 1942 413 1998 Germanae,
439 1943 687 2005 tonsisque
713 1942 869 1988 ferunt
889 1942 1099 1989 mantilia
1122 1942 1259 1989 villis.

134 2009 253 2058 Pars
277 2010 430 2072 epulis
453 2017 652 2056 onerant
677 2024 874 2064 mensas,
903 2018 948 2057 et
974 2011 1113 2071 plena
1131 2017 1371 2072 reponunt

134 2075 317 2130 Pocula
337 2094 350 2131 ;
391 2076 635 2123 Panchaeis
659 2075 940 2122 adolescunt
964 2075 1151 2136 ignibus
1176 2092 1289 2123 arae.

137 2143 202 2189 Et
220 2150 400 2190 mater:
439 2143 574 2205 Cape
602 2140 801 2188 Maeonii
821 2142 1063 2188 carchesia
1081 2143 1287 2197 Bacchi;
1363 2148 1459 2191 380

135 2209 339 2254 Oceano
363 2208 581 2265 libemus,
619 2208 702 2254 ait.
772 2208 924 2254 Simul
947 2209 1050 2270 ipsa
1074 2217 1298 2271 precatur

139 2274 487 2336 Oceanumque
505 2283 688 2337 patrem
707 2290 880 2328 rerum,
897 2275 1245 2338 Nymphasque
1257 2291 1458 2330 sorores,

138 2340 344 2387 Centum
371 2357 480 2404 quae
506 2341 663 2397 silvas,
691 2351 878 2387 centum
907 2358 1014 2403 quae
1040 2340 1233 2387 flumina
1255 2349 1458 2389 servant.

138 2406 240 2451 'l‘er
266 2407 448 2469 liquido
473 2407 720 2454 ardentem
748 2406 958 2468 perfudit
983 2415 1172 2454 nectare
1198 2408 1391 2454 Vestam
1413 2424 1424 2460 ;

138 2472 240 2517 Ter
265 2471 451 2520 flamma
471 2473 531 2520 ad
553 2489 789 2520 summum
815 2473 925 2520 tecti
951 2474 1176 2534 subjecta
1196 2474 1378 2519 reluxit.

142 2538 318 2586 Omine
345 2555 441 2601 quo
464 2537 655 2587 firmans
680 2539 903 2596 animum,
929 2540 995 2586 sic
1023 2540 1187 2601 incipit
1213 2540 1345 2602 ipsa:
