1602 2708
201 146 284 188 ΙΞΟ
592 155 640 188 Ρ.
682 151 932 187 VIRGILII
976 151 1243 187 MARONIS

178 271 349 319 Gloria
371 290 382 327 ;
422 289 562 335 quem
591 272 708 320 falsa
733 273 821 319 sub
847 272 1121 335 proditione
1146 270 1336 333 Pelasgi

179 341 442 395 Insontem‚
470 339 666 386 infando
691 340 878 396 indicio,
903 341 1015 401 quia
1041 340 1164 386 bella
1184 340 1394 393 vetabat,

181 409 430 454 Demisere
464 406 603 461 neci:
644 423 769 453 nuuc
795 423 986 453 cassum
1013 407 1188 452 lumine
1215 407 1410 464 lugent:

181 475 254 520 Illi
282 491 354 520 me
379 473 623 528 comitem,
651 481 700 519 et
725 473 1128 533 consanguinitate
1156 473 1479 535 propinquum

179 541 368 604 Pauper
392 540 439 587 in
465 556 593 587 arma
622 547 755 598 pater
781 539 940 600 primis
967 541 1060 586 huc
1087 540 1205 585 misit
1232 541 1291 585 ab
1316 538 1467 584 aunis.

180 609 307 654 Dum
334 609 494 654 stabat
516 622 661 668 reguo
688 605 956 662 incolumis,
984 622 1242 667 regumque
1302 605 1493 665 vigebat

178 674 435 729 Consiliis;
475 680 522 719 et
546 688 632 718 nos
652 671 848 733 aliquod
873 688 1144 732 nomenque
1167 672 1414 734 decusque

179 741 432 789 Gessimus
454 738 491 785 :'
507 738 682 785 invidia
708 748 966 800 postquam
988 739 1183 800 pellacis
1207 739 1337 785 Ulixi
1449 743 1513 791 90

177 808 342 866 (Haud
369 807 531 869 ignota
556 806 747 867 loquor)
773 806 954 867 superis
979 805 1219 852 concessit
1242 806 1303 850 ab
1329 805 1421 850 oris
1444 821 1456 857 ;

176 873 401 922 Afflictus
425 873 568 919 vitam
595 873 640 918 iu
666 872 873 919 tenebris
899 872 1131 934 luctuque
1158 872 1423 926 trahebam,

177 943 240 988 Et
264 957 422 987 casum
444 940 640 986 insontis
666 955 853 985 mecum
879 939 1161 1002 indignabar
1185 938 1346 985 amici.

177 1009 283 1055 Nec
309 1007 439 1054 tacui
463 1007 661 1053 demens
684 1023 694 1053 ε
734 1015 780 1052 et
808 1023 899 1062 me,
929 1006 1026 1053 fors
1053 1023 1089 1052 s1
1116 1022 1210 1068 qua
1236 1005 1438 1060 tulisset,

177 1075 229 1122 Si
255 1074 435 1136 patrios
461 1090 671 1134 unquam
705 1074 988 1119 remeassem
1015 1073 1167 1119 victor
1191 1073 1249 1118 ad
1279 1074 1446 1132 Argos,

128 1167 133 1172 >
178 1141 380 1188 Promisi
406 1140 624 1196 ultorem,
652 1147 701 1186 et
725 1139 882 1185 verbis
910 1139 1022 1186 odia
1047 1155 1212 1202 aspera
1240 1138 1377 1184 movi.

178 1209 306 1255 Hinc
332 1207 449 1253 mihi
476 1208 627 1269 prima
656 1206 762 1252 mali
789 1206 946 1261 labes;
977 1207 1086 1253 hinc
1113 1222 1299 1267 semper
1324 1205 1487 1252 Ulixes

178 1274 468 1322 Criminibus
495 1283 670 1321 terrere
700 1273 864 1326 novis3
905 1273 1014 1320 hinc
1040 1290 1262 1336 spargere
1285 1288 1425 1319 voces

176 1343 233 1388 In
259 1342 453 1404 vulgum
473 1341 737 1402 ambiguas,
764 1348 810 1386 et
836 1356 1049 1401 quaerere
1074 1341 1291 1387 conscius
1317 1355 1460 1386 arina.

175 1409 282 1455 Nec
304 1408 534 1471 requievit
559 1410 700 1463 euim,
727 1407 882 1453 donec
908 1407 1173 1454 Calchante
1199 1407 1481 1453 ministro-—

178 1474 272 1523 Sed
299 1475 416 1537 quid
443 1492 531 1533 ego
558 1475 662 1521 haec
689 1483 848 1520 autem
874 1474 1195 1536 nequicquam
1223 1474 1406 1537 ingrata
1443 1490 1517 1520 re-

313 1543 454 1588 volvo
475 1543 494 1589 ?
1420 1548 1507 1588 101

178 1607 372 1664 Quidve
414 1608 610 1655 moror!
694 1607 745 1654 Si
771 1623 930 1653 omnes
974 1624 1068 1653 uuo
1111 1607 1275 1654 ordine
1319 1608 1505 1655 habetis

313 1675 546 1730 Achivos,

177 1741 334 1806 quue
359 1741 523 1788 audire
544 1750 619 1789 sat
643 1749 746 1795 est;
778 1738 1070 1799 jamdudum
1097 1741 1266 1787 sumite
1293 1758 1486 1803 poenas:

182 1812 292 1857 Hoc
323 1810 513 1855 [thaeus
539 1808 668 1863 velit,
689 1817 733 1854 et
760 1824 933 1869 magno
963 1819 1228 1855 mercentur
1255 1809 1456 1855 Atridae.

247 1877 369 1923 Tum
399 1875 511 1922 vero
537 1875 763 1922 ardemus
790 1874 966 1928 scitari,
993 1882 1042 1921 et
1066 1891 1279 1937 quaerere
1306 1892 1489 1932 causas,

182 1943 338 2005 Ignari
360 1943 589 1989 scelerum
610 1950 851 1988 tantorum
877 1942 1088 2002 artisque
1113 1942 1345 2004 Pelasgae.

182 2010 496 2072 Prosequitur
520 2009 755 2071 pavitans,
783 2016 829 2054 et
853 2007 969 2054 ficto
995 2017 1192 2070 pectore
1218 2009 1346 2057 fatur
1367 2026 1378 2056 :

185 2079 326 2140 Saepe
351 2077 513 2138 fugam
547 2075 702 2122 Danai
728 2075 874 2136 Troja
900 2077 1089 2136 cupiere
1114 2076 1280 2123 relicta

184 2143 363 2199 Moliri,
391 2152 437 2190 et
463 2144 604 2205 longo
630 2141 734 2188 fessi
762 2142 1009 2189 discedere
1035 2141 1172 2189 bello.

185 2211 526 2271 Fet-issentque
549 2209 752 2256 utinam!
794 2210 931 2270 Saepe
954 2209 1056 2254 illos
1072 2225 1239 2272 aspera
1261 2210 1395 2273 ponti
1420 2218 1511 2258 110

184 2276 459 2323 Interclusit
486 2277 666 2337 hyems,
692 2283 740 2322 et
765 2276 930 2322 terruit
950 2277 1125 2322 Auster
1148 2286 1333 2324 euntes.

180 2343 449 2404 Praecipue,
466 2343 576 2388 cum
595 2342 698 2404 jam
722 2343 795 2388 hic
809 2343 1024 2389 trabibus
1042 2351 1291 2390 contextus
1312 2345 1509 2401 acernis,

179 2411 335 2458 Staret
354 2426 525 2471 equus,
554 2418 656 2455 toto
683 2418 937 2456 sonuerunt
963 2409 1136 2456 aethere
1162 2411 1326 2457 nimbi.

179 2477 407 2539 Suspensi
427 2476 722 2538 Eurypylum
751 2476 971 2522 scitatum
991 2476 1183 2522 oracula
1213 2477 1380 2525 Phoebi

178 2544 445 2596 Mittinms;
483 2543 619 2605 isque
644 2542 800 2607 adytis
822 2545 922 2589 haec
945 2543 1099 2590 tristia
1118 2542 1247 2590 dicta
1273 2552 1506 2607 reportat}

179 2610 414 2673 Sanguine
440 2610 669 2674 placastis
696 2619 877 2665 veutOS,
904 2619 952 2656 et
975 2610 1151 2672 virgian
1170 2612 1310 2666 caesa,
