1586 2704
126 80 218 128 356
461 96 505 127 P.
544 95 790 128 vraumu
832 96 1093 129 ,nexuosis

127 210 420 271 Suscipiunt.
489 210 626 272 Fugit
643 218 751 257 ante
771 226 931 256 omnes
951 211 1196 256 exterritus
1215 213 1413 266 Arruns,

131 274 328 329 Laetitia,
356 276 594 336 mixtoque
620 285 773 322 metu:
810 292 894 322 nec
914 276 1014 336 jain
1040 276 1243 338 amplius
1268 278 1414 324 bastae

127 341 347 397 Credere,
374 358 457 387 uec
482 342 582 389 telis
603 358 846 388 occurrere
872 342 1056 403 virginis
1080 343 1236 389 audet.

127 410 198 452 Ac
226 408 353 452 velut
374 407 462 463 ille,
489 408 617 469 prius
645 407 783 468 quam
810 407 898 452 tela
924 407 1109 453 inimica
1137 417 1413 469 sequantur,

131 473 370 519 Continub
389 474 431 519 in
457 484 637 519 montes
664 490 761 519 sese
782 473 913 518 avius
938 473 1123 520 abdidit
1147 474 1265 519 altos
1320 481 1414 522 810

127 538 301 585 Occiso
324 548 515 602 pastore
543 541 678 600 lupus
706 554 931 598 magnove
950 539 1179 599 juvenco,

127 605 356 651 Conscius
380 605 572 651 audacis
598 604 727 659 facti,
754 605 1047 666 caudamque
1075 605 1335 652 remulcens

127 671 345 731 Subjecit
370 672 658 731 pavitantem
681 679 830 727 utero,
858 671 1095 731 silvasque
1121 672 1311 733 petivit;

126 736 265 782 Haud
293 753 432 783 secus
452 754 508 783 ex
530 737 677 782 oculis
698 753 744 781 se
766 737 985 783 turbidus
1005 738 1200 782 abstulit
1218 738 1415 797 Arruns,

127 803 489 864 Contentusque
515 803 626 863 fuga
653 802 818 849 mediis
841 819 891 849 se
917 803 1168 849 immiscuit
1192 804 1349 850 armis.

126 867 210 914 Illa
232 885 367 915 manu
397 870 597 915 moriens
626 869 770 916 telum
793 870 968 920 traliit3
1008 885 1114 915 ossa
1140 869 1218 915 sed
1245 869 1365 917 inter

126 934 320 981 Ferreus
345 935 400 980 ad
430 944 586 981 costas
607 936 702 982 alto
727 944 814 981 stat
842 935 1029 980 vulnere
1057 952 1236 982 mucro.

125 1001 324 1047 Labitur
346 1003 611 1064 exsanguis,
632 1001 852 1047 labuntur
878 1001 1048 1063 frigida
1071 1002 1166 1048 leto

126 1066 352 1121 Lumina;
391 1084 655 1129 purpureus
684 1067 921 1129 quondam
945 1070 1077 1114 color
1103 1084 1183 1113 ora
1207 1068 1414 1130 reliquit.

124 1131 249 1178 Tum
279 1134 344 1178 sic
370 1135 586 1196 expirans
606 1136 783 1181 Accam
805 1151 858 1180 ex
881 1134 1144 1196 aequalibus
1166 1150 1301 1180 unam
1321 1141 1417 1183 820

125 1199 412 1260 Alloquitur,
441 1200 534 1246 fida
560 1209 666 1247 ante
691 1201 802 1246 alias
823 1217 929 1261 quae
956 1202 1050 1246 sola
1076 1201 1304 1256 Camillae,

127 1265 332 1319 Quicum
362 1267 527 1328 partiri
549 1282 714 1318 curas;
753 1276 894 1339 atq—ue
923 1267 1022 1312 liaec
1047 1268 1110 1312 ita
1131 1268 1284 1313 fatur:

126 1331 390 1389 Hactenus,
405 1336 695 1388 Accasoror,
709 1333 858 1407 potui:
885 1333 1417 1380 nuucvulnusacerbum

127 1396 349 1454 conficit,
376 1408 424 1444 et
448 1400 654 1445 tenebris
682 1401 756 1460 ni·
762 1408 952 1445 rescunt
977 1399 1132 1445 omnia
1157 1398 1352 1446 cichum

127 1463 314 1526 Effuge,
340 1474 386 1511 et
412 1466 513 1511 haec
538 1467 696 1512 Turno
720 1465 940 1511 mandata
960 1466 1212 1511 novissima
1235 1466 1417 1526 perfer·

129 1531 367 1577 Suc-cedat
393 1548 579 1593 pugnae,
606 1533 939 1592 Trojauosque
965 1542 1125 1579 arceat
1153 1533 1286 1577 urbe.

127 1596 326 1658 Jamque
345 1599 460 1644 vale.
512 1598 662 1645 Simul
686 1598 756 1643 his
773 1597 914 1644 dictis
933 1598 1177 1660 linquebat
1197 1598 1419 1652 habenas,

129 1662 202 1708 Ad
231 1673 398 1710 terrani
426 1681 517 1709 non
544 1672 715 1725 sponte
741 1663 906 1710 fluens.
971 1665 1092 1710 Tum
1121 1665 1294 1724 frigida
1319 1673 1421 1710 toto

129 1729 362 1775 Paulatim
391 1731 587 1776 exsolvit
612 1747 660 1778 se
682 1747 898 1792 corpore,
924 1731 1148 1792 lentaque
1173 1730 1293 1776 colla

130 1795 189 1840 Ei
208 1806 400 1857 captum
417 1798 510 1843 leto
524 1796 854 1858 posuitcaput,
873 1813 1001 1843 arma
1017 1799 1284 1858 relinquens
1300 1813 1310 1848 ;
1329 1802 1422 1844 830

135 1861 334 1923 Vitaque
358 1880 461 1909 cuni
486 1863 662 1925 gemitu
689 1863 808 1924 fugit
833 1863 1076 1925 indignata
1103 1864 1191 1909 sub
1218 1863 1422 1908 umbras.

197 1929 322 1974 Tum
339 1929 448 1975 verb
470 1930 721 1975 immensus
742 1946 933 1990 surgens
958 1929 1062 1976 ferit
1082 1947 1221 1975 aurea
1244 1930 1425 1974 clamor

134 1993 322 2049 Sidera;
362 1995 552 2057 dejecta
572 1995 810 2042 crudescit
832 2013 988 2058 pugna
1012 1997 1227 2042 Camilla.

132 2060 387 2108 Incurrunt
411 2063 542 2107 densi
569 2063 708 2107 simul
735 2064 886 2109 omnis
914 2063 1050 2124 copia
1075 2061 1334 2116 Teucrum,

132 2126 454 2189 Tyrrhenique
477 2132 637 2184 duces,
659 2129 960 2190 Evandrique
986 2129 1196 2176 Arcades
1222 2127 1325 2173 alae.

198 2195 262 2239 At
279 2194 456 2241 Triviae
484 2195 949 2256 custosjamdudum
971 2197 1013 2240 in
1038 2196 1272 2241 montibus
1301 2193 1424 2254 Opis

134 2258 243 2304 Alta
268 2261 401 2307 sedet
425 2264 631 2317 summis,
657 2271 932 2323 spectatque
961 2263 1170 2307 interrita
1195 2275 1393 2323 pugnas,

138 2325 294 2385 thue.
307 2327 472 2387 procul
491 2327 882 2387 mediojuvenum
902 2329 947 2374 in
965 2329 1170 2374 clamore
1184 2323 1424 2373 furentum

133 2391 382 2454 prospexit
409 2394 528 2440 tristi
556 2395 802 2440 multatam
832 2404 981 2442 morte
1009 2395 1254 2441 Camillam
1282 2409 1294 2447 ;

133 2457 477 2522 Ingemuitque,
495 2460 918 2523 deditqueliasimo
934 2469 1131 2525 pectore
1144 2477 1308 2508 voces:
1334 2464 1427 2507 840
