1586 2704
102 114 202 163 378
443 123 491 156 P.
530 122 782 157 VIRGILII
824 123 1087 159 MARole

101 236 165 282 Et
189 253 274 283 nos
299 252 425 282 saeva
451 254 592 284 manu
618 238 865 285 mittamus
889 238 1053 285 funera
1076 239 1276 285 Teucris
1295 255 1312 286 τ

103 303 206 350 Nec
229 319 424 349 numero
450 303 654 362 inferior,
683 322 856 368 pugnae
880 322 968 352 nec
995 306 1176 353 honore
1199 306 1412 354 recedes.

101 368 294 416 Turnus
320 370 378 415 ad
408 371 508 416 haec
531 387 540 417 :
1317 373 1408 423 631

103 435 146 480 O
173 451 322 491 soror,
351 445 399 483 et
424 436 607 483 dudum
635 437 826 500 agnovi,
855 438 966 484 cum
988 440 1140 502 prima
1160 457 1244 503 per
1264 450 1412 489 artem

104 501 300 548 Foedera
326 504 553 561 turbasti,
581 513 725 566 teque
752 504 855 551 haec
881 505 928 550 in
956 505 1079 552 bella
1104 508 1273 555 dedisti
1297 527 1308 564 ;

106 569 162 614 Et
179 585 304 614 nunc
321 573 642 634 nequicquam
664 571 802 627 fallis,
825 573 953 618 Dea:
974 572 1055 618 sed
1076 575 1180 635 quis
1201 576 1412 639 Olympo

104 635 368 682 Demissam
394 646 551 685 tantos
577 638 731 684 voluit
755 646 802 684 te
829 639 950 685 ferre
977 639 1196 687 labores?

105 703 174 746 An
192 702 344 748 fratris
362 704 515 749 miseri
528 705 674 751 letum
693 712 742 750 ut
760 705 948 751 crudele
966 706 1185 754 videres?
1211 708 1413 769 [lutem'd

105 767 220 814 Nam
243 769 355 830 quid
379 770 498 831 ago?
533 781 614 817 aut
632 771 855 833 quaejam
881 772 1091 834 spondet
1111 775 1318 820 Fortuna
1338 792 1412 823 sa-

107 833 210 880 Vidi
233 836 396 882 oculos
423 846 527 883 ante
553 839 655 900 ipse
681 854 828 894 meos,
854 855 927 884 me
949 855 1068 885 voce
1095 852 1344 887 vocantem

98 901 398 958 Murranum,
427 920 524 966 quo
548 921 643 951 non
670 913 864 966 superat
889 904 1002 951 mihi
1028 907 1181 953 carior
1205 908 1338 964 alter,

99 968 344 1030 Oppetere
365 970 622 1033 ingentem,
644 981 786 1033 atque
806 972 986 1033 ingenti
1006 974 1193 1020 vulnere
1213 975 1410 1021 victum.

97 1034 294 1082 Occidit
318 1035 501 1093 infelix,
528 1056 583 1085 ne
609 1047 825 1085 nostrum
851 1038 1065 1086 dedecus
1092 1040 1244 1088 Ufens
1313 1041 1406 1090 641

95 1101 380 1163 Aspiceret3
419 1105 596 1151 Teucri
615 1104 868 1169 potiuntur
893 1122 1092 1168 corpore
1117 1116 1164 1153 et
1189 1109 1346 1155 armis.

95 1168 390 1216 Exscindine
417 1171 605 1227 domos,
633 1172 679 1218 id
705 1172 846 1218 rebus
871 1172 1023 1219 defuit
1050 1191 1212 1228 unum,

94 1233 373 1297 Perpetiar3
410 1238 577 1285 dextra
603 1255 691 1285 nec
717 1239 919 1285 Drancis
945 1241 1073 1286 dicta
1097 1241 1345 1288 refellam?

95 1301 252 1364 Terga
289 1303 456 1351 dabo?
494 1314 541 1352 et
580 1306 802 1352 Turnum
843 1306 1106 1368 fugientem
1144 1309 1248 1355 liaec
1288 1318 1411 1355 terra

229 1370 413 1418 videbit
432 1372 450 1418 3

100 1436 260 1499 Usque
276 1438 457 1486 adeone
475 1439 591 1485 mori
603 1439 821 1486 miserum
837 1440 938 1486 est?
963 1456 1064 1496 vos,
1078 1457 1106 1487 o
1120 1440 1232 1487 mihi
1245 1443 1411 1489 Manes

94 1502 210 1550 Este
238 1505 364 1562 boni,
393 1507 611 1568 quoniam
627 1504 821 1568 Superis
848 1523 1011 1554 aversa
1037 1509 1277 1555 voluntas.

94 1570 270 1617 Sancta
295 1574 352 1618 ad
384 1589 466 1619 vos
492 1573 664 1629 anima,
691 1581 836 1635 atque
861 1573 997 1620 istius
1025 1574 1175 1622 inscia
1201 1576 1376 1638 culpae,

94 1636 416 1695 Descendam‚
456 1656 736 1702 magnorum
780 1639 910 1686 haud
953 1657 1164 1704 unquam
1190 1642 1411 1704 indiguus

294 1722 505 1752 avorunr

158 1770 250 1817 Vix
269 1787 322 1817 ea
342 1772 468 1819 fatus
488 1781 605 1828 erat,
626 1772 810 1820 medios
829 1773 959 1821 volat
978 1790 1090 1820 ecce
1110 1791 1195 1837 per
1216 1776 1378 1822 hostes

91 1837 273 1884 Vectus
291 1856 415 1900 equo
434 1848 686 1902 spumante
713 1841 873 1897 SaceS,
899 1842 1092 1887 adversa
1117 1843 1287 1903 sagitt-:1
1313 1841 1403 1890 651

93 1905 288 1951 Saucius
313 1923 420 1961 ora3
448 1908 655 1968 ruitque,
683 1907 940 1969 implorans
962 1908 1152 1954 nomine
1171 1909 1408 1957 Turnum.

90 1971 266 2027 Turne,
293 1973 336 2018 in
363 1982 408 2018 te
435 1989 658 2035 suprema
687 1976 812 2020 salus
836 1992 846 2029 ;
887 1975 1105 2021 miserere
1130 1984 1341 2023 tuorum.

91 2038 331 2086 Fulminat
361 2042 528 2087 AEneas
555 2041 711 2094 armis,
740 2058 1045 2104 summasque
1072 2042 1277 2089 minatur

91 2104 409 2164 Dejecturum
434 2124 567 2153 arces
593 2108 786 2165 Italum,
809 2108 1095 2170 excidioque
1120 2109 1371 2155 daturum:

91 2171 297 2233 Jamque
321 2173 447 2220 faces
472 2174 531 2220 ad
562 2182 692 2222 tecta
716 2176 912 2230 volant;
951 2176 997 2221 in
1025 2185 1069 2220 te
1094 2192 1175 2221 ora
1205 2176 1372 2233 Latini,

89 2237 144 2284 In
169 2247 213 2284 te
236 2241 403 2286 oculos
428 2241 670 2287 referunt:
710 2251 888 2288 mussat
913 2259 994 2288 rex
1019 2241 1117 2302 ipse
1147 2243 1355 2298 LatinuS,

91 2305 226 2358 Quos
238 2322 436 2368 generos
454 2318 607 2363 vocet,
629 2317 710 2354 aut
724 2325 949 2371 quaesese
961 2309 1018 2354 ad
1034 2308 1212 2354 t'oedera
1224 2309 1402 2356 flectat.

89 2370 322 2418 Praeterea
348 2373 522 2434 regina,
550 2375 618 2421 tui
645 2374 891 2432 fidissima,
918 2376 1083 2422 dextra

91 2438 288 2485 Occidit
312 2441 418 2503 ipsa
443 2443 541 2496 sua,
569 2441 825 2505 lucemque
849 2442 1067 2489 exterrita
1092 2440 1233 2503 fugit.
1304 2442 1402 2492 660

90 2504 185 2550 Soli
211 2523 295 2561 pro
321 2508 470 2570 portis
497 2509 752 2570 Messapus
780 2518 827 2555 et
853 2525 963 2556 acer
986 2509 1151 2555 Atinas

89 2572 370 2622 Sustentant
394 2574 562 2624 aciem.
601 2574 893 2624 Circumhos
908 2575 1129 2639 utrinque
1142 2576 1399 2639 phalanges
