1580 2686
97 90 155 128 68
195 106 200 111 ’
420 93 470 125 Ρ.
509 90 752 125 VIRGILII
809 91 1065 125 MARONIS

84 212 245 272 Atque
269 209 411 256 haec
390 226 494 271 jam
520 210 675 274 prim&
702 210 930 273 depulsus
955 213 1018 258 ab
1045 212 1187 257 ubere
1212 209 1377 256 matris

86 277 300 330 Audeat,
313 276 456 339 inque
480 279 633 325 vicem
659 277 742 324 det
765 278 989 325 mollibus
1015 295 1096 325 ora
1122 277 1341 351 capistris

85 342 348 400 InvaliduS‚
376 345 613 418 etiamque
638 354 864 400 tremens,
891 345 1031 390 etiam
1057 345 1232 390 inscius
1257 344 1358 389 ‘cevi-

86 410 165 465 At,
187 409 336 456 tribus
352 411 548 467 exactis,
568 411 650 457 ubi
670 420 839 473 quarta
854 411 1107 457 accesserit
1123 418 1292 456 aestas·
1282 415 1397 465 1,9<)

87 478 296 538 Carpere
315 494 426 523 mox
445 494 617 540 gyrum
642 477 854 538 incipiat,
881 478 1203 539 gradibusque
1229 492 1395 522 sonare

87 544 376 606 Compositis
399 561 411 598 ;
451 546 698 605 sinuetque
724 544 902 590 alterna
922 544 1160 590 volumina
1185 559 1395 597 crurum,

86 610 256 673 Sitque
281 610 516 656 laboranti
541 611 731 656 similis:
759 618 857 656 tum
886 610 1103 656 cursibus
1129 626 1262 655 auras

84 677 349 724 Provocet:
377 694 433 724 ac
454 693 539 739 per
555 686 718 738 aperta
736 678 912 732 volans,
936 693 1024 722 ceu
1046 677 1161 722 liber
1180 675 1395 727 habenis,

83 746 311 806 AEquora,
336 743 415 789 vix
440 745 623 790 summa
648 744 843 806 vestigia
867 753 1012 805 ponat
1038 743 1197 789 aren-21.

85 811 254 866 Qualis
276 810 579 873 hyperboreis
603 810 797 873 Aquilo,
825 811 934 856 cum
956 812 1128 857 densus
1153 811 1213 856 ab
1238 807 1329 853 oris

84 877 328 934 Incubuit,
356 877 664 940 Scythiaeque
691 879 882 940 hyemes
908 885 1055 940 atque
1075 876 1207 922 arida
1228 874 1388 920 differt

83 943 295 990 Nubila:
338 951 440 991 tum
466 954 648 1007 segetes
669 946 778 992 altae
805 946 1058 1006 campique
1083 952 1297 989 natantes

83 1011 293 1058 Lenibus
313 1010 595 1058 horrescunt
618 1011 796 1069 flabris,
824 1027 1119 1072 summaeque
1146 1024 1362 1055 sonorem

84 1078 217 1124 Dant
241 1077 389 1133 silvae,
415 1078 635 1140 longique
661 1088 827 1139 urgent
851 1078 910 1124 ad
940 1078 1098 1123 littora
1122 1075 1329 1123 fluctus:

82 1145 171 1191 Ille
194 1144 338 1201 volat,
358 1145 499 1191 simul
525 1161 635 1191 arva
650 1145 777 1207 fuga,
801 1145 940 1192 simul
960 1160 1154 1206 aequora
1174 1160 1378 1190 verrens.

82 1211 194 1267 Hie,
223 1212 297 1258 vel
322 1211 384 1258 ad
411 1212 509 1258 Elei
535 1221 680 1258 metas
704 1211 971 1259 etmaxima
997 1210 1158 1272 campi
1302 1218 1397 1259 202

83 1277 292 1325 Sudabit
316 1279 487 1340 spatia,
513 1287 561 1326 et
586 1295 778 1340 spumas
803 1287 909 1341 aget
934 1294 1014 1324 ore
1040 1283 1285 1331 cruentas;

82 1345 276 1406 Belgica
303 1346 375 1391 vel
397 1345 528 1391 molli
553 1345 718 1408 melius
744 1344 862 1392 seret
881 1345 1048 1390 esseda
1074 1344 1221 1391 collo.

82 1413 208 1458 Tum
234 1413 423 1459 demum
451 1413 609 1458 crassst
634 1428 854 1473 magnum
879 1411 1112 1474 farragine
1138 1427 1318 1473 corpus

83 1480 311 1526 Crescere
344 1480 446 1540 jam
474 1479 666 1526 domitis
693 1479 865 1525 sinito:
910 1494 1116 1540 namque
1163 1486 1272 1523 ante
1312 1478 1400 1523 do-

214 1546 445 1593 mandum

80 1613 303 1673 Ingentes
324 1613 491 1659 tollent
515 1611 694 1658 animos
715 1628 726 1665 ;
764 1610 1016 1673 prensique
1037 1611 1282 1673 negabunt

79 1679 297 1726 Verbera
320 1679 443 1726 lenta
468 1679 586 1742 pati,
608 1686 656 1724 et
681 1678 813 1724 duris
851 1693 1015 1739 parere
1042 1678 1238 1738 lupatis.

149 1747 247 1793 Sed
267 1762 362 1792 non
385 1747 485 1792 ulla
506 1745 656 1807 magis
682 1745 805 1790 vires
831 1744 1068 1791 industria
1090 1744 1263 1799 firmat,

82 1811 244 1867 Quam
264 1813 496 1859 Venerem
517 1820 566 1859 et
585 1812 700 1859 caeci
719 1812 936 1858 stimulos
956 1819 1168 1858 avertere
1193 1810 1366 1857 amoris
1384 1828 1397 1864 ;

81 1881 189 1926 Sive
215 1880 378 1936 boum,
398 1879 494 1926 sive
511 1888 580 1926 est
605 1879 681 1925 cui
695 1878 870 1938 gratior
894 1894 1002 1924 usus
1027 1894 1278 1940 equorum.
1302 1885 1394 1925 211

81 1949 243 2008 Atque
268 1946 378 1994 ideo
402 1953 565 1993 tauros
590 1946 760 2008 procul
786 1953 933 2007 atque
958 1946 1002 1991 iu
1029 1945 1128 1991 sola
1156 1944 1365 2006 relegant

81 2013 283 2069 Pascua,
303 2021 415 2076 post
433 2020 642 2059 montem
663 2012 960 2074 oppositum,
979 2020 1027 2058 et
1051 2020 1182 2058 trans
1200 2010 1398 2057 flumina

82 2085 179 2128 Aut
195 2081 321 2127 intus
335 2081 524 2127 clausos
542 2088 700 2125 satura
717 2079 778 2125 ad
794 2079 1031 2153 praesepia
1047 2095 1150 2125 serv
1156 2086 1249 2124 ant.
1257 2078 1395 2140 ssata:

83 2146 250 2208 Carpit
274 2147 398 2193 enim
418 2147 534 2192 vires
560 2146 804 2208 paulatim,
828 2146 1017 2207 uritque
1044 2144 1251 2190 videndo

80 2212 320 2267 Foemina;
359 2230 449 2260 nec
484 2229 730 2259 nemorum
767 2213 948 2275 patitur
982 2212 1269 2268 meminisse,
1309 2227 1396 2258 nec

212 2280 390 2327 herbae.

79 2345 320 2394 Dulcibus
345 2347 424 2392 illa
448 2345 641 2409 quidem
661 2346 915 2402 illecebris,
942 2354 990 2392 et
1014 2362 1138 2405 saepe
1164 2344 1396 2406 superbos

80 2414 317 2461 Cornibus
345 2413 466 2459 inter
490 2431 539 2460 se
565 2413 744 2475 subigit
768 2415 1019 2459 decernere
1045 2422 1266 2458 amantes.
1303 2447 1309 2451 ·

82 2479 300 2527 Pascitur
322 2480 367 2525 in
394 2481 567 2542 magnii
604 2480 701 2527 Sila
735 2479 1168 2540 formosajuvencu
1197 2495 1206 2524 :

85 2547 157 2594 llli
183 2547 471 2595 alternantes
496 2544 711 2600 multa-vi
741 2545 902 2604 praelia
929 2547 1126 2593 miscent
1300 2552 1396 2594 ‘220
