1584 2706
118 69 172 109 14
445 78 493 111 P.
534 78 781 112 vum-mu
823 79 1085 114 MARoNts

522 193 747 235 POLLIO.
771 191 898 235 ECL.
928 168 1012 238 lv,

107 294 419 355 SicELIDEs
458 308 630 362 Musae,
656 305 795 366 paulo
821 305 1005 366 majora
1027 324 1267 360 canamus.

107 371 220 418 Non
246 389 408 418 onmes
443 374 638 419 arbusta
655 373 845 432 juvant,
872 372 1167 436 humilesque
1205 375 1410 439 myricae.

108 437 158 484 Si
186 439 395 484 canimus
422 439 575 493 silvas,
604 439 735 483 silvae
761 438 853 484 sint
879 440 1073 486 consule
1098 441 1268 503 dignae.

93 527 118 531 ·’
176 505 348 551 Ultima
375 505 558 551 Cumaei
584 504 820 565 venitjam
847 505 1061 550 carminis
1086 517 1232 554 aetas:

105 570 313 631 Magnus
339 571 402 617 ab
428 570 608 631 integro
634 571 881 617 saeclorum
908 571 1115 618 nascitur
1138 575 1274 621 ordo.

101 636 206 684 Jam
225 636 347 684 redit
371 644 421 684 et
446 638 610 698 Virgo,
636 636 838 683 redeunt
863 637 1081 683 Saturnia
1105 655 1244 702 regna
1261 657 1276 688 z

102 702 208 749 Jain
233 719 358 749 nova
381 704 628 766 progenies
647 703 768 749 coelo
793 702 1059 749 demittitur
1074 704 1188 752 alto.

102 768 180 815 Tu
204 769 346 816 modo
371 769 580 816 nascenti
606 785 772 831 puero,
800 785 896 831 quo
915 767 1061 815 ferrea
1087 771 1294 832 primum

103 835 320 891 Desinet,
340 852 397 883 ac
422 846 524 882 toto
545 843 706 896 surget
728 852 840 896 gens
864 850 1007 882 aurea
1032 838 1224 895 mundo,

102 903 265 957 Casta,
293 903 416 958 fave,
445 903 646 948 Lucina:
675 903 899 963 tuusjam
925 910 1088 962 regnat
1114 905 1304 966 Apollo.
1349 913 1408 954 lc·

100 968 271 1030 Teque
286 967 407 1014 adeo
432 968 579 1015 decus
604 968 696 1015 hoc
721 969 825 1020 aevi,
851 976 897 1016 te
922 969 1133 1025 consule,
1160 971 1314 1028 inibit,

100 1034 281 1083 Pollio:
315 1044 366 1080 et
391 1035 624 1098 incipient
649 1034 801 1097 magni
824 1033 1078 1094 procedere
1107 1053 1305 1085 menses,

100 1100 174 1146 Te
200 1100 339 1157 (luce,
359 1101 399 1147 si
423 1118 515 1163 qua
540 1109 732 1147 manent
756 1100 941 1147 sceleris
967 1101 1162 1163 vestigia
1187 1104 1349 1161 nostri,

101 1165 236 1213 Irrita
257 1168 489 1229 perpetua
514 1169 698 1214 solvent
713 1166 960 1214 formidine
979 1177 1140 1214 terras.

100 1233 187 1280 Ille
214 1234 364 1281 Deum
391 1235 535 1280 vitam
559 1234 776 1295 accipiet,
801 1232 1033 1294 Divisque
1058 1233 1237 1281 videbit

99 1299 364 1347 Permixtos
390 1301 574 1357 heroas,
599 1301 762 1362 etipse
786 1299 1025 1346 videbitur
1048 1299 1134 1346 illis
1156 1318 1166 1347 :

101 1365 428 1429 Pacatumque
447 1374 578 1429 reget
601 1366 765 1429 patriis
792 1365 1046 1411 virtutibus
1072 1367 1255 1414 orbem.

164 1434 230 1479 At
255 1434 340 1479 tibi
366 1432 530 1494 prima,
557 1449 690 1495 puer,
712 1433 845 1478 nullo
873 1433 1149 1479 munuscula
1168 1434 1319 1492 cultu,

99 1498 317 1545 Errantes
342 1498 538 1546 hederas
565 1500 736 1561 passim
764 1515 874 1545 cum
900 1497 1105 1545 baccare
1131 1500 1281 1557 tellus,

100 1565 351 1627 Mixtaque
368 1566 542 1612 ridenti
567 1564 807 1611 colocasia
826 1563 996 1611 fundet
1013 1567 1236 1613 acantho,
1341 1575 1404 1617 20

97 1629 222 1691 Ipsae
246 1632 372 1678 lacte
396 1632 594 1678 domum
617 1630 824 1678 referent
850 1629 1051 1679 distenta
1081 1633 1280 1693 capellae

101 1698 258 1744 Ubera
279 1713 291 1744 ε
323 1714 412 1745 nec
437 1714 632 1760 magnos
659 1705 869 1745 metuent
893 1705 1106 1744 armenta
1130 1698 1304 1747 leones.

98 1764 211 1826 Ipsa
229 1765 317 1811 tibi
338 1765 542 1811 blandos
561 1763 759 1811 fundent
778 1763 1019 1811 cunabula
1039 1763 1200 1812 flores:

99 1831 311 1878 Occidet
334 1839 382 1878 et
400 1848 610 1893 serpens,
630 1839 678 1877 et
701 1830 842 1877 fallax
868 1831 1012 1877 herba
1040 1831 1209 1878 veneni

96 1896 328 1944 Occidet:
367 1897 613 1960 Assyrium
648 1896 788 1957 vulgo
814 1905 1036 1944 nascetur
1059 1913 1319 1944 amomum.

163 1967 230 2011 At
254 1964 393 2011 simul
418 1965 611 2011 heroum
638 1965 817 2020 laudes,
843 1972 892 2011 et
916 1963 1043 2010 sacta
1065 1965 1270 2025 parentis

94 2031 200 2077 Jam
238 2030 406 2093 legere,
426 2039 474 2077 et
498 2047 606 2092 quae
630 2031 686 2077 sit
712 2031 887 2093 poteris
910 2046 1197 2092 cognoscere
1225 2030 1397 2078 virtus:

96 2097 249 2142 Mollia
262 2097 489 2158 paulatim
511 2097 736 2144 flavescet
755 2113 953 2159 campus
973 2097 1134 2154 arista,

94 2162 390 2225 Incultisque
415 2164 592 2210 rubens
608 2162 835 2226 pendebit
857 2163 1069 2210 sentibus
1095 2179 1203 2217 uva,

94 2229 156 2275 Et
180 2229 313 2276 durae
337 2247 537 2292 quercus
565 2229 808 2277 sudabunt
832 2230 1018 2276 roscida
1041 2229 1202 2276 mella:
1335 2232 1400 2274 30

93 2295 256 2342 Pauca
282 2305 433 2343 tamen
453 2296 685 2342 suberunt
709 2297 879 2359 priscae
896 2296 1094 2358 vestigia
1118 2293 1313 2349 fraudis,

94 2363 216 2415 Quae
244 2370 426 2409 tentare
459 2362 652 2409 Thetim
678 2363 879 2419 ratibus,
909 2379 1016 2425 quae
1041 2362 1227 2424 cingere
1252 2359 1397 2408 muris

94 2428 306 2489 Oppida,
332 2445 441 2492 quae
458 2428 663 2488 jubeant
688 2430 844 2477 telluri
868 2428 1095 2476 infindere
1120 2427 1297 2474 sulcos,

94 2494 228 2543 Alter
251 2496 338 2542 erit
373 2503 470 2542 tum
497 2496 696 2558 Tiphys,
724 2505 768 2543 et
795 2496 941 2544 altera
967 2510 1075 2559 quae
1103 2494 1244 2541 vehat
1268 2497 1400 2556 Argo
