1580 2686
539 70 833 105 GEORGICA.
879 72 986 104 ΜΒ.
1034 55 1118 105 ΙΙιζ
1411 63 1476 110 69

170 190 458 239 Vulneribus
484 189 691 243 crebris;
718 188 835 236 lavit
859 200 961 236 ater
984 205 1187 253 corpora
1215 187 1422 251 sanguis,

170 259 414 319 Versaque
440 257 486 301 in
512 256 711 302 obnixos
734 263 958 316 urgentur
984 273 1165 302 cornua
1189 264 1324 304 vasto

169 325 291 371 Cum
316 322 516 384 gemitu:
555 322 759 369 reboant
784 322 1012 382 silvaeque
1038 329 1086 368 et
1110 324 1276 385 longus
1315 322 1477 384 Olym·

170 391 273 438 Nec
299 405 400 435 mos
426 389 657 435 bellantes
680 388 773 435 una
797 389 1062 435 stabulare:
1087 388 1168 434 sed
1190 390 1309 436 alter
1349 391 1472 452 [pus.

170 457 336 502 Victus
363 456 478 511 abit,
506 456 744 518 longeque
771 455 944 517 ignotis
971 455 1131 501 exulat
1157 455 1267 512 oris,

171 522 328 568 Multa
349 539 542 584 gemens
572 522 894 584 ignominiam,
918 523 1180 584 plagasque
1206 522 1400 583 superbi

168 588 395 644 Victoris,
435 598 536 635 tum
561 605 682 651 quos
706 589 862 636 amisit
886 589 1065 635 inultus
1085 604 1297 643 amores;

167 656 228 702 Et
253 656 440 703 stabula
464 664 718 718 aspectans
744 656 899 718 regnis
925 655 1127 701 excessit
1153 655 1307 702 avitis.

166 723 292 785 Ergo
316 723 443 769 omni
467 724 581 770 curii
607 722 724 769 vires
749 731 955 778 exercet,
984 731 1030 768 et
1056 723 1178 769 iuter

168 789 302 836 Dura
321 790 452 851 jacet
479 806 658 851 pernox
684 789 883 836 instrato
908 805 1020 835 saxa
1045 788 1210 845 cubili,
1383 794 1476 836 QSC

169 857 440 902 Frondibus
467 857 661 903 hirsutis
686 863 733 902 et
760 856 916 903 carice
943 863 1108 918 pastus
1135 855 1303 910 acutsu

167 924 230 968 Et
252 930 408 969 tentat
433 939 550 979 sese,
578 931 723 985 atque
750 922 889 968 irasci
913 923 959 968 in
986 939 1168 969 cornua
1193 921 1356 968 discit.

168 989 360 1035 Arboris
384 989 586 1036 obnixus
611 998 799 1045 trunco,
829 999 1086 1050 ventosque
1111 989 1302 1035 lacessit

169 1055 367 1109 lctibus,
392 1065 441 1103 et
466 1057 630 1117 sparsa
656 1055 715 1102 ad
742 1072 952 1118 pugnam
979 1055 1193 1118 proludit
1219 1056 1380 1102 arena.

168 1122 296 1178 Pest,
328 1123 405 1169 ubi
426 1123 684 1170 collectum
709 1124 855 1169 robur
881 1123 1096 1184 viresque
1122 1130 1344 1183 receptee,

167 1189 310 1250 Signa
326 1205 400 1234 mo
410 1199 820 1252 vet,praecepsque
835 1189 1038 1236 oblitum
1054 1189 1201 1236 fertur
1213 1190 1256 1235 in
1275 1189 1472 1236 hostem:

168 1255 360 1302 Fluctus
386 1257 504 1303 utin
527 1257 682 1303 medio
709 1258 857 1318 coepit
882 1256 994 1303 cum
1018 1256 1261 1303 albescere
1288 1266 1458 1318 ponto,

171 1321 457 1383 Longius,ex
483 1323 677 1386 altoque
705 1323 855 1369 sinum
884 1324 1048 1370 trahit:
1076 1331 1223 1384 utque
1250 1324 1442 1369 volutus

174 1388 240 1437 Ad
270 1396 433 1442 terras,
462 1390 663 1435 immane
685 1398 822 1435 sonat
849 1405 934 1452 per
959 1405 1085 1445 saxa,
1105 1405 1193 1436 nec
1223 1389 1328 1452 ipso
1381 1397 1474 1446 239

171 1453 335 1502 Monte
361 1455 513 1500 minor
538 1455 836 1516 procumbit3
865 1463 911 1501 at
936 1455 1026 1501 ima
1053 1464 1286 1503 exaestuat
1318 1457 1444 1502 unda

169 1520 459 1576 Vorticibus,
487 1521 763 1583 nigramque
789 1522 881 1568 alte
908 1522 1150 1583 subjectat
1175 1539 1382 1569 arenam.

233 1587 388 1633 Omne
412 1586 536 1634 adeo
560 1604 707 1650 genus
733 1589 779 1633 in
806 1588 942 1635 terris
971 1588 1308 1651 hominumque
1356 1590 1452 1637 fera

299 1670 516 1715 rumque,

168 1719 222 1765 Et
248 1735 395 1778 genus
421 1737 712 1782 aequoreum,
734 1720 964 1784 pecudes,
983 1720 1221 1784 pictaeque
1239 1722 1454 1769 volucres

168 1787 220 1832 Iu
248 1786 393 1833 furius
419 1788 673 1849 ignemque
701 1797 868 1834 ruunt:
896 1804 1029 1833 amor
1053 1788 1273 1835 omnibus
1300 1788 1442 1836 idun.

165 1853 409 1914 Tempore
436 1871 527 1899 non
554 1855 647 1900 alio
673 1855 934 1900 catulorum
961 1855 1112 1901 oblita
1136 1855 1283 1902 leaena

168 1915 346 1965 Saevior
370 1922 539 1966 erravit
567 1921 781 1981 campis3
808 1937 895 1966 nec
921 1920 1088 1966 funera
1113 1921 1256 1984 vulgo

166 1986 288 2031 Tam
320 1987 466 2032 multa
495 1986 718 2033 informes
746 1987 840 2033 ursi
865 1996 1167 2049 stragemque
1193 1986 1373 2034 dedere

169 2053 258 2099 Per
277 2052 447 2098 silvas:
477 2061 575 2099 tum
603 2069 758 2099 saevus
784 2070 918 2116 aper,
946 2062 1048 2100 tum
1074 2056 1281 2116 pessima
1318 2055 1476 2116 tigris.

169 2120 304 2166 Heu!
336 2120 455 2166 mal'e
482 2127 580 2165 tum
608 2121 771 2182 Libyae
799 2120 911 2166 solis
934 2129 1118 2166 erratur
1138 2122 1180 2167 in
1201 2121 1342 2183 agris.

170 2186 342 2232 Nonne
367 2186 517 2241 vides,
547 2197 594 2232 ut
621 2194 720 2232 tota
748 2195 921 2234 tremor
946 2194 1186 2249 pertentet
1210 2204 1440 2250 equorum

169 2253 399 2314 Corpora,
423 2253 462 2298 si
489 2253 670 2300 tantum
700 2261 832 2299 notas
858 2254 978 2300 odor
1001 2254 1161 2300 attulit
1179 2255 1344 2301 auras?
1382 2263 1469 2303 2:31

170 2320 242 2364 Ac
267 2335 421 2380 neque
447 2336 529 2366 eos
547 2319 649 2381 jani
689 2320 835 2367 fraena
874 2319 1040 2378 virum,
1083 2337 1237 2383 neque
1281 2321 1474 2367 verbera

301 2401 440 2443 saeva,
1264 2387 1473 2450 [tardant

171 2452 281 2498 Non
307 2453 509 2514 scopuli,
532 2469 769 2516 rupesque
795 2469 940 2509 cavae,
984 2460 1130 2516 atque
1172 2454 1366 2514 objecta
1410 2470 1476 2499 re-

173 2518 402 2575 Flumiua,
430 2529 678 2582 correptos
708 2519 833 2566 und-1⁶2
860 2520 1132 2579 torquentia
1159 2527 1343 2566 montes
