1607 2700
143 134 236 183 140
486 154 533 187 Ρ.
575 153 821 189 vmclml
862 153 1125 188 MARoms

135 275 247 321 Non
263 289 350 336 ego
365 274 722 338 Myrmidonum
740 274 874 321 sedes
898 276 1202 337 Dolopumve
1221 274 1457 336 superbas

134 341 398 402 Aspiciam,
424 350 506 388 aut
530 343 691 389 Graiis
718 343 941 388 servitum
969 341 1197 388 matribus
1222 341 1321 398 ibo,

135 407 394 464 Dardanis,
420 416 470 455 et
495 409 632 455 Divae
657 408 851 454 Veneris
873 424 1035 454 nurus.

135 475 229 521 Sed
255 492 329 522 me
353 492 525 538 magna
552 477 710 523 Deum
735 474 931 536 genitrix
958 475 1030 520 his
1055 474 1236 521 detinet
1260 474 1373 522 oris,

131 543 337 604 Jamque
362 543 479 597 vale,
502 551 550 589 et
577 543 672 588 nati
697 557 832 587 serva
857 542 1121 587 communis
1146 558 1374 589 amorem.

132 609 255 656 Haec
281 609 364 655 ubi
389 609 515 655 dicta
535 608 686 664 dedit,
709 609 1048 669 lacrymantem
1065 617 1112 654 et
1131 609 1279 656 multa
1297 611 1455 654 volen-

132 675 325 732 Dicere‚
345 675 574 732 deseruit,
595 685 858 737 tenuesque
878 675 1074 720 recessit
1094 675 1140 720 in
1157 691 1308 724 auras,
1338 678 1453 738 [tem

130 741 231 788 Ter
256 752 459 789 conatus
484 743 550 790 ibi
576 743 700 790 collo
725 742 837 788 dare
865 741 1063 787 brachia
1089 741 1297 798 circum3
1359 752 1453 799 792

129 808 227 855 Ter
251 808 427 856 frustra
452 825 738 872 comprensa
762 824 926 854 manus
959 807 1126 869 effugit
1150 808 1321 870 imago,

128 876 220 922 Par
242 876 424 924 levibus
447 878 616 933 ventis,
644 876 923 937 volucrique
949 874 1185 921 simillima
1206 892 1388 924 somno,

196 943 275 990 Sic
296 944 485 991 demum
510 945 667 990 socios
693 942 944 990 consumta
964 951 1107 990 nocte
1126 943 1296 991 reviSO.

127 1013 289 1072 Atque
315 1011 392 1057 hie
418 1011 657 1073 ingentem
684 1009 915 1056 comitum
957 1008 1196 1056 affluxisse
1220 1026 1453 1056 novorum

127 1077 322 1124 Invenio
341 1077 586 1125 admirans
603 1094 850 1124 numerum
869 1093 883 1131 ;
910 1084 1196 1139 matresque,
1216 1078 1453 1140 virosque,

129 1144 399 1191 Collectam
425 1145 568 1192 exilio
592 1146 787 1208 pubem,
814 1144 1085 1191 miserabile
1112 1145 1297 1206 vulgus,

127 1211 350 1274 Undique
377 1228 659 1268 convenere,
687 1213 850 1258 animis
875 1210 1147 1273 opibusque
1174 1212 1341 1273 parati,

127 1279 184 1324 In
210 1294 524 1340 quascunque
550 1279 691 1326 velim
717 1280 890 1341 pelago
911 1278 1148 1326 deducere
1166 1288 1328 1327 terras.
1358 1285 1455 1328 800

193 1346 399 1407 Jamque
417 1345 550 1408 jugis
577 1362 776 1393 summae
801 1345 1021 1407 surgebat
1053 1346 1241 1392 Lucifer
1268 1347 1385 1402 Idae,

129 1412 451 1475 Ducebatque
477 1412 601 1460 diem
624 1432 636 1469 ;
677 1413 933 1475 Danaique
959 1413 1152 1460 obsessa
1178 1414 1405 1461 tenebant

133 1477 313 1525 Limina
333 1487 594 1540 portarum,
622 1496 710 1526 nec
738 1496 848 1542 spes
874 1480 978 1542 opis
1005 1481 1105 1528 ulla
1128 1479 1353 1528 dabatur.

129 1545 276 1599 Cessi,
301 1553 350 1592 et
368 1547 558 1594 sublato
584 1554 795 1593 montem
820 1547 1031 1609 genitore
1057 1547 1220 1610 petivi.

586 1676 985 1700 m

624 1770 818 1818 LIBER
863 1770 955 1816 111.

126 1858 379 1942 POSTQU
393 1893 473 1928 AM
496 1896 569 1927 res
591 1880 716 1928 Asiae
735 1879 894 1927 Priam
915 1895 1008 1942 que
1026 1886 1235 1927 evertere
1260 1887 1451 1943 gentem

126 1950 415 1997 Immeritam
442 1949 594 1995 visum
619 1946 831 2010 Superis,
858 1947 1128 2010 ceciditque
1153 1947 1417 2010 superbum

126 2016 284 2073 Ilium,
310 2024 359 2063 et
382 2015 532 2063 omnis
559 2015 703 2062 humo
722 2013 874 2061 fumat
903 2014 1145 2078 Neptunia
1168 2014 1317 2076 Troja
1338 2032 1350 2069 ;

126 2083 319 2130 Diversa
346 2082 501 2138 exilia,
526 2090 573 2128 et
596 2082 809 2129 desertas
836 2098 1047 2143 quaerere
1072 2090 1239 2137 terras,

125 2150 352 2212 Auguriis
379 2150 565 2212 agimur
590 2148 799 2203 Divfim3
839 2149 1140 2210 classemque
1166 2149 1255 2194 sub
1281 2148 1384 2209 ipsa

126 2216 392 2272 Antandr0‚
419 2225 465 2263 et
492 2215 712 2278 Phrygiae
738 2215 958 2263 molimur
982 2215 1225 2262 montibus
1251 2216 1382 2270 Ida:;

125 2283 301 2330 Incerti
326 2283 424 2345 quo
448 2282 544 2330 fata
564 2283 732 2339 ferant,
758 2283 839 2330 ubi
859 2283 1019 2330 sistere
1043 2283 1182 2329 detur
1202 2301 1214 2338 ;

127 2350 563 2412 Contrahimusque
584 2349 725 2397 viros.
750 2350 844 2397 Vix
861 2350 1015 2413 prima
1031 2349 1271 2412 inceperat
1287 2358 1440 2405 aestas,

126 2418 189 2463 Et
212 2425 353 2479 pater
378 2417 611 2464 Anchises
634 2416 747 2463 dare
772 2415 883 2464 fatis
903 2418 1004 2463 vela
1022 2416 1263 2478 jubebat;

125 2483 308 2533 Littora
333 2484 442 2530 cum
459 2484 628 2547 patriae
638 2483 1135 2548 lacrymans‚portnsq
1145 2500 1199 2530 ue
1211 2483 1437 2546 relinquo,

126 2551 188 2597 Et
201 2566 399 2613 campos
421 2551 504 2597 ubi
523 2552 679 2614 Troja
697 2550 817 2598 fuit:
855 2552 980 2598 feror
997 2551 1106 2597 exul
1126 2551 1173 2596 in
1198 2551 1346 2597 altum
1390 2555 1435 2598 11

127 2618 250 2666 Cum
275 2618 433 2678 sociis,
460 2625 686 2682 natoque,
712 2619 984 2677 Penatibus,
1002 2627 1048 2666 et
1069 2617 1251 2681 magnis
1277 2618 1377 2665 Dis.
