1586 2704
536 87 800 122 AENEIDOS
840 87 949 120 Lm.
987 87 1070 120 xt.
1358 84 1453 130 339

158 202 397 249 Admonet
422 203 490 249 ira
515 202 690 258 Deum,
714 202 976 263 tumulique
996 210 1102 248 ante
1123 218 1202 248 ora
1224 210 1450 248 recentes.

157 269 283 331 Ergo
308 268 562 316 concilium
591 283 827 328 magnum,
856 268 1132 329 primosque
1159 283 1351 314 suorum

157 334 364 396 Imperio
389 334 590 390 accitos,
610 334 701 379 alta
729 334 847 378 intra
873 333 1031 378 limina
1057 335 1202 394 cogit.

157 400 256 446 Olli
279 416 555 455 convenere,
581 399 828 460 fluuntque
853 399 911 444 ad
942 399 1065 460 regia
1090 399 1238 458 plenis

155 466 301 512 Tecta
328 467 428 511 viis.
498 465 642 513 Sedet
667 466 711 510 in
740 465 925 520 mediis,
952 475 998 511 et
1027 466 1257 510 maximus
1282 481 1402 523 aevo,

156 533 218 578 Et
243 533 417 593 primus
443 533 659 594 sceptris,
686 532 808 576 haud
838 532 949 577 laeta
975 531 1150 587 fronte,
1171 531 1380 577 Latinus.

155 601 312 659 Atque
340 598 416 643 hic
440 599 624 660 legatos
651 598 807 643 AEtola
828 614 886 643 ex
912 597 1027 644 urbe
1054 599 1292 653 remissos,
1354 603 1450 651 239

156 665 280 718 Quae
305 663 525 719 referant,
551 664 636 709 fari
653 663 826 724 jubet;
865 674 911 709 et
936 679 1163 724 responsa
1188 664 1399 724 reposcit

156 729 338 776 Ordine
364 739 537 776 cuncta
562 746 665 777 suo.
736 730 865 776 Tum
891 729 1018 775 facta
1044 728 1227 776 silentia
1250 728 1438 791 linguis,

155 795 217 841 Et
239 795 450 843 Venulus
476 796 607 843 dicto
631 812 801 860 pareus
823 796 888 842 ita
912 796 1052 842 farier
1076 793 1182 842 infit
1202 812 1212 843 :

219 862 454 919 Vidimus,
479 879 507 908 ο
524 862 667 918 cives,
688 862 968 908 Diomedem
988 862 1256 924 Argivaque
1278 867 1450 916 castra,

154 927 316 989 Atque
341 927 429 974 iter
451 930 624 974 emensi
649 944 787 974 casus
805 928 1131 989 superavimus
1158 943 1348 978 omnes:

156 993 552 1056 Contigimusque
575 1011 783 1051 manum,
809 994 903 1055 qua
929 993 1142 1039 concidit
1167 995 1249 1039 Ilia
1275 992 1428 1038 tellus.

154 1058 239 1104 Ille
267 1060 428 1106 urbem
455 1061 755 1124 Argyripam,
780 1061 946 1122 patriae
974 1060 1253 1120 cognomine
1279 1059 1450 1122 gentis,

157 1124 322 1171 Victor
346 1126 559 1188 Gargani
585 1127 827 1173 condebat
854 1126 1044 1189 Iapygis
1063 1126 1205 1187 agris.

153 1189 412 1254 Postquam
439 1193 732 1252 introgressi,
756 1202 802 1239 et
822 1209 979 1239 coram
998 1193 1110 1238 data
1136 1192 1274 1253 copia
1292 1191 1449 1246 fandi;

154 1257 682 1319 Munerapraeferimus,
702 1259 1180 1320 nomenpatriamque
1195 1258 1447 1312 docemus;

157 1322 435 1376 Quibellum
456 1324 832 1387 intulerint,quae
848 1341 990 1371 causa
1011 1324 1252 1371 attraxerit
1273 1327 1448 1386 Arpos.

154 1389 350 1436 Auditis
376 1391 449 1436 ille
477 1391 577 1436 liaec
604 1391 793 1452 placido
821 1393 886 1438 sic
913 1391 1124 1437 reddidit
1150 1407 1258 1438 ore:
1352 1396 1443 1439 251

154 1455 199 1501 Ο
225 1455 472 1503 fortunatae
498 1466 677 1518 gentes,
703 1458 920 1505 Saturnia
939 1474 1097 1518 regna,

153 1523 353 1583 Antiqui
381 1523 598 1576 Ausonii;
637 1541 745 1586 quae
773 1541 855 1570 vos
881 1524 1069 1570 fortuna
1095 1524 1282 1584 quietos

154 1587 408 1646 Sollicitat,
433 1588 696 1652 suadetque
718 1591 877 1652 ignota
900 1591 1131 1636 lacessere
1158 1590 1315 1636 bella?

153 1653 440 1717 Quicunque
464 1656 635 1702 Iliacos
660 1656 784 1703 ferro
810 1656 1084 1703 violavimus
1110 1674 1263 1717 agros,

149 1720 314 1778 (Mitto
335 1738 407 1777 ea,
426 1738 533 1784 quae
557 1723 702 1769 muris
724 1723 943 1771 bellando
969 1725 1194 1769 exhausta
1215 1724 1304 1769 sub
1325 1723 1446 1779 altis,

152 1786 285 1840 Quos
305 1788 477 1834 Simois
496 1798 679 1850 premat
691 1791 765 1837 ille
781 1792 942 1847 viros),
957 1788 1148 1834 infanda
1164 1805 1248 1850 per
1264 1791 1428 1836 orbem

150 1853 414 1915 Supplicia,
438 1863 486 1901 et
505 1857 731 1902 scelerum
753 1873 912 1918 poenas
930 1856 1240 1917 expendimus
1261 1873 1442 1915 omnes,

147 1919 234 1965 Vel
254 1920 441 1966 Priamo
457 1921 721 1969 miseranda
737 1939 914 1969 manus.
952 1922 1054 1968 Scit
1072 1922 1201 1968 triste
1220 1925 1263 1968 M
1276 1924 1443 1972 inervae

149 1985 307 2040 Sidus,
334 1997 380 2033 et
410 1988 635 2034 Euboicae
661 1998 841 2046 cautes,
868 1989 1088 2050 ultorque
1114 1989 1406 2048 Caphereus.

143 2051 325 2098 ‘Militia
348 2070 403 2098 ex
432 2053 510 2100 illa
537 2055 771 2101 diversum
800 2057 857 2101 ad
888 2056 1017 2102 littus
1043 2055 1218 2112 adacti,
1344 2056 1432 2107 ‘261

147 2118 339 2166 Atrides
368 2120 527 2166 Protei
551 2123 796 2167 Menelaus
821 2122 1031 2183 adusque
1060 2122 1308 2171 columnas

148 2183 343 2238 Exulem
382 2187 588 2233 AEtnaeos
613 2189 727 2234 vidit
751 2189 990 2251 Cyclopas
1018 2190 1225 2251 Ulysses.

148 2249 311 2312 Regna
337 2253 643 2314 Neoptolemi
668 2255 884 2312 referam,
910 2272 1165 2316 versosque
1192 2258 1391 2304 Penates

149 2316 413 2366 Idomenei?
450 2319 691 2383 Libycone
718 2322 984 2370 habitantes
1010 2323 1163 2368 littore
1191 2324 1405 2371 Locros?

147 2379 260 2443 Ipse
284 2385 558 2448 Mycenaeus
583 2403 860 2450 magnorum
889 2389 1061 2435 (luctor
1086 2390 1323 2435 Achivfim

133 2448 378 2523 ¹Conjugis
399 2451 602 2500 infandae
628 2455 776 2514 prima
800 2454 922 2501 intra
947 2455 1108 2501 limina
1131 2457 1292 2501 dextra
