1607 2700
146 77 240 133 996
477 92 524 125 Ρ.
566 92 810 125 vincunt
855 92 1116 127 MARole

143 204 248 251 Nec
269 204 370 264 jam
400 205 667 253 sufficiunt:
706 224 810 253 nam
838 208 928 268 qua
949 208 1121 270 globus
1145 207 1354 254 imminet
1375 208 1454 254 in-

277 286 408 331 gens,

142 336 398 381 Imm-auem
427 336 600 382 Teucri
629 339 797 385 molem
827 339 1116 400 volvuntque
1143 347 1412 400 ruuntque:

143 403 266 454 Quae
294 403 458 448 stravit
486 403 687 448 Rutulos
716 405 823 460 late,
849 422 1180 466 armorumque
1207 406 1399 452 resolvit

141 467 406 527 Tegmina:
445 485 530 514 uec
558 479 725 515 curant
750 487 882 516 caeco
909 473 1197 517 contendere
1227 471 1379 518 Marte

141 535 362 595 Amplius
390 535 596 580 audaces
622 537 816 590 Rutuli;
854 538 934 582 sed
962 537 1140 597 pellere
1168 538 1288 582 vallo

142 599 405 646 Missilibus
432 610 631 647 certant.
1351 608 1446 650 5Ξο

140 664 281 712 Parte
305 666 393 711 alia
417 666 675 711 horrendus
704 666 804 712 visu
831 667 1087 728 quassabat
1111 669 1357 713 Etruscam

141 730 325 789 Pinum,
349 740 394 777 et
420 731 668 778 fumiferos
695 732 834 779 infert
862 734 1164 779 Mezentius
1156 750 1303 794 ignes.

138 797 205 842 At
228 798 498 857 Messapus,
520 797 694 859 equum
722 799 944 872 domitor,
974 799 1210 860 Neptunia
1239 799 1411 861 proles,

138 860 388 909 Rescindit
415 863 604 921 vallum,
626 874 670 910 et
698 865 882 910 scalas
874 881 918 910 ιιι
946 866 1117 910 moenia
1142 866 1313 926 poscit.

203 929 316 983 Vos,
342 946 370 974 o
397 930 630 991 Calliope,
656 947 840 990 precor,
865 932 1069 992 aspirate
1095 932 1311 984 canenti;

138 994 270 1047 Quas
296 995 363 1040 ibi
389 1003 487 1043 tuni
517 995 642 1043 ferro
670 1007 864 1057 strages,
893 1013 999 1058 quae
1025 996 1191 1042 funera
1213 998 1402 1042 Turnus

137 1059 370 1119 Ediderit‚
398 1078 539 1124 quem
566 1063 766 1123 quisque
794 1066 944 1107 virum
972 1062 1217 1108 demiserit
1243 1062 1406 1109 Orco·
1395 1098 1407 1116 ,
1450 1112 1454 1120 ¹

135 1123 194 1170 Et
220 1142 404 1173 mecum
432 1128 644 1189 inventes
671 1145 773 1174 oras
799 1129 994 1173 evolvite
1022 1129 1163 1174 belli:

135 1191 196 1237 Et
220 1168 509 1239 meministi?
515 1195 655 1251 enim,
684 1196 835 1250 Divae,
861 1202 907 1240 et
936 1210 1193 1240 memorare
1218 1194 1437 1255 potestis.

199 1257 368 1305 Turris
384 1269 483 1305 erat
498 1276 522 1303 v
528 1268 630 1306 asto
647 1269 873 1323 suspectu
892 1270 936 1305 et
955 1260 1184 1320 pontibus
1200 1261 1324 1316 altis,
1345 1267 1438 1307 530

136 1320 428 1386 Opportuna
454 1326 593 1378 loco;
633 1327 827 1371 summis
853 1342 992 1387 quan]
1019 1326 1192 1370 viribus
1219 1342 1379 1371 omnes

133 1389 418 1451 Expugnare
446 1391 569 1449 Itali,
594 1408 873 1452 summaque
901 1400 1113 1437 evertere
1138 1408 1282 1452 opum
1311 1392 1353 1436 vi

135 1456 422 1504 Certabant:
460 1458 613 1505 Troes
640 1455 808 1503 contra
831 1456 1085 1503 defendere
1115 1458 1254 1513 saxis,

132 1520 318 1584 Perque
344 1540 483 1570 cavas
509 1524 640 1570 densi
666 1525 795 1570 tela.
786 1540 814 1568 l·
819 1533 1059 1584 itorquere
1085 1522 1327 1569 fenestras.

133 1588 360 1651 Princeps
385 1589 630 1636 ardentem
656 1590 866 1651 conjecit
891 1590 1107 1648 lampada
1130 1590 1341 1645 Turnus,

131 1653 195 1699 Et
220 1652 453 1701 flammam
483 1655 631 1702 affixit
655 1656 819 1708 laleri3
862 1672 969 1716 quae
996 1655 1196 1715 plurima
1224 1665 1364 1700 vento

132 1719 380 1782 Corripuit
405 1722 606 1779 tabulas,
632 1731 677 1767 et
706 1721 922 1782 postibus
953 1721 1086 1765 haesit
1113 1721 1285 1766 adesis.

131 1785 338 1833 Turbati
364 1788 602 1848 trepidare
628 1789 768 1844 intus,
792 1786 1061 1848 frustraque
1089 1787 1317 1831 malorum

132 1851 264 1898 Velle
280 1853 457 1915 fugam.
484 1855 608 1900 Dum
627 1871 674 1900 se
689 1855 971 1915 glomerant,
988 1861 1208 1913 retroque
1224 1851 1439 1898 residunt

130 1917 187 1962 In
213 1928 414 1979 partem,
440 1937 547 1981 quae
576 1930 708 1981 peste
734 1928 862 1966 caret
885 1936 896 1974 ;
937 1929 1035 1966 tum
1064 1919 1274 1980 pondere
1300 1920 1437 1964 turris

131 1983 399 2031 Procubuit
423 1987 598 2043 subito,
622 1995 668 2033 et
694 1987 860 2032 coelum
889 1993 1024 2031 tonat
1049 2001 1185 2030 omne
1212 1984 1414 2046 fragore.

132 2050 400 2097 Semineces
424 2052 484 2098 ad
512 2051 704 2110 terram,
724 2052 915 2097 immani
942 2052 1061 2096 mole
1087 2050 1268 2108 secuta,
1343 2056 1435 2098 54⁶2

130 2115 414 2178 Confixique
441 2120 538 2165 suis
563 2119 690 2175 telis,
715 2126 760 2164 et
787 2126 984 2178 pectora
1009 2117 1128 2162 duro

127 2180 398 2228 Transfossi
424 2185 569 2245 ligno,
594 2185 804 2230 xeniunt.
875 2184 965 2228 Vix
992 2199 1109 2228 unus
1136 2181 1361 2237 Helenor,

128 2246 192 2292 Et
215 2248 376 2311 Lqus
402 2251 583 2311 elapsi:
623 2266 824 2312 quorum
850 2249 1046 2311 primaev
1054 2265 1104 2293 us
1131 2248 1357 2304 Helenor,

130 2312 339 2359 Maeonio
365 2316 460 2377 regi
489 2332 630 2390 quem
659 2333 792 2362 serva
817 2314 1062 2377 Licymnia
1090 2314 1249 2360 furtim

131 2377 416 2439 Sustulerat,
443 2383 689 2444 vetitisque
714 2382 773 2428 ad
798 2382 993 2444 TrOJam
1023 2379 1204 2426 miserat
1230 2375 1387 2435 armis,
1426 2426 1431 2430 ,
