1607 2700
510 66 773 104 AENEIDOS
816 67 925 101 LIB.
966 67 1016 102 V.
1369 61 1447 101 189

146 187 347 251 Agmine
370 201 604 234 remorum
631 185 785 241 celeri,
814 185 1060 246 ventisque
1086 185 1284 236 vocatis,

146 255 298 301 Prona
322 253 436 316 petit
460 251 619 307 maria,
646 259 694 298 et
719 252 887 313 pelago
908 251 1113 297 decurrit
1134 263 1317 314 apertO.

145 320 310 375 Qualis
336 318 565 382 spelunca
588 318 747 365 subito
773 328 1014 364 commota
1039 318 1277 373 columba,

146 387 236 434 Cui
260 386 426 432 domus
451 393 499 432 et
523 385 690 431 dulces
716 385 957 431 latebroso
981 384 1027 430 in
1053 384 1243 445 pumice
1269 384 1383 441 nidi,

145 452 687 507 Ferturinarvavolans,
713 452 1030 514 plausumque
1043 451 1266 497 exterrita
1288 452 1453 512 pennis
1479 465 1483 467 ’

145 520 241 565 Dat
265 526 396 566 tecto
416 519 654 580 ingentem
676 536 687 573 ;
716 535 821 565 mox
848 525 957 565 a‘ere
981 518 1115 580 lapsa
1141 518 1320 578 quiem,

145 585 288 632 Radit
309 587 395 632 iter
412 585 665 647 liquidum,
685 586 860 632 celeres
873 601 1023 646 neque
1037 591 1308 630 commovet
1325 583 1449 632 alas:

146 650 222 697 Sic
249 652 546 709 Mnestheus,
570 653 636 698 sic
661 652 760 714 ipsa
785 652 895 714 fuga
920 658 1047 697 secat
1072 650 1234 697 ultima
1255 649 1420 696 Pristis

144 718 376 780 AEquora:
404 719 470 765 sic
495 718 619 765 illam
639 718 728 765 fert
752 719 957 780 impetus
985 718 1083 780 ipse
1110 717 1363 764 volantem.

145 783 208 830 Et
231 784 438 846 primum
458 785 503 831 in
529 785 728 847 scopulo
746 786 1005 831 luctantem
1027 784 1201 830 deserit
1219 783 1315 829 alto
1359 790 1455 832 220

146 850 438 913 Sergestum,
464 851 782 913 brevibusque
802 852 955 905 vadis;
982 851 1251 912 frustraque
1274 866 1453 896 vocan-

145 917 350 974 Auxilia,
377 926 424 964 et
447 916 605 964 fractis
632 917 893 964 discentem
911 933 1099 964 currere
1118 917 1273 963 remis.
1337 917 1452 978 [tem

144 981 260 1029 Inde
286 984 443 1046 Gyan,
468 986 717 1048 ipsamque
741 984 921 1046 ingenti
946 983 1069 1029 mole
1097 984 1380 1030 Chimaeram

145 1049 486 1111 Consequitur3
509 1052 655 1107 cedit,
675 1051 896 1113 quoniam
917 1051 1119 1114 spoliata
1131 1050 1355 1112 magistro
1366 1058 1454 1097 est.

146 1115 284 1162 Solus
300 1116 498 1180 jamque
523 1119 631 1182 ipso
659 1126 875 1180 superest
900 1118 946 1164 in
971 1116 1064 1164 fine
1091 1117 1354 1164 Cloanthus
1377 1134 1388 1170 ;

147 1181 301 1236 Quem
319 1185 457 1247 petit,
481 1192 526 1232 et
547 1185 740 1231 summis
761 1185 961 1231 adnixus
987 1184 1164 1230 viribus
1191 1192 1341 1245 urget.

144 1248 271 1296 Tum
295 1251 405 1298 vero
426 1251 682 1313 ingeminat
698 1252 893 1308 clamor,
912 1252 1164 1312 cunctique
1177 1258 1453 1312 sequentem

145 1314 375 1379 Instigant
400 1318 585 1373 studiis,
619 1326 908 1379 resonatque
933 1318 1200 1380 fragoribus
1222 1318 1388 1364 aether.

144 1382 211 1428 Hi
234 1384 484 1446 proprium
508 1384 654 1431 decus
693 1393 739 1431 et
764 1393 952 1448 partum
979 1385 1284 1446 indignantur
1313 1385 1456 1430 hono·

277 1465 392 1506 rem,
1358 1458 1454 1506 229

144 1515 210 1562 Νἰ
236 1522 443 1574 teneant,
470 1517 710 1580 vitamque
736 1518 904 1564 volunt
929 1533 1015 1579 pro
1039 1517 1181 1564 laude
1206 1516 1399 1579 pacisci.

146 1583 248 1628 Hos
276 1599 522 1631 successus
543 1585 646 1639 alit;
675 1594 892 1647 possunt,
916 1584 1026 1647 quia
1041 1601 1184 1648 posse
1203 1583 1439 1630 videntur.

145 1649 209 1696 Et
233 1648 332 1696 fors
360 1651 561 1714 aequatis
580 1652 818 1713 cepissent
843 1652 1038 1714 praemia
1063 1651 1223 1698 rostris
1244 1669 1256 1706 ;

145 1715 210 1762 Ni
238 1716 417 1778 palmas
444 1727 594 1781 ponto
614 1719 814 1765 tendens
840 1727 1065 1780 utrasque
1093 1718 1357 1765 Cloanthus

146 1782 465 1846 Fudissetque
489 1801 670 1847 preces,
696 1785 944 1846 Divosque
968 1787 1014 1831 in
1040 1793 1150 1832 vota
1176 1787 1419 1831 vocasset:

145 1849 228 1907 Di,
255 1850 428 1912 quibus
452 1852 703 1914 imperium
729 1859 803 1898 est
826 1851 999 1914 pelagi,
1027 1868 1228 1914 quorum
1262 1867 1457 1913 aequora

278 1932 449 1974 curro;

146 1982 300 2030 Vobis
327 1984 464 2031 laetus
488 2000 575 2046 ego
595 1984 686 2031 hoc
711 1984 994 2032 candentem
1021 1985 1064 2031 in
1089 1985 1242 2032 littore
1269 1992 1457 2031 taurum

151 2049 448 2097 Constituam
468 2059 576 2098 ante
601 2068 702 2098 aras
726 2053 825 2098 voti
848 2067 974 2107 reu5‚
1002 2060 1208 2115 extaque
1229 2052 1378 2098 salsos

148 2115 410 2164 Porriciam
435 2118 479 2164 in
505 2117 693 2174 fluctus,
721 2126 768 2165 et
791 2119 899 2164 vina
923 2119 1152 2181 liquentia
1176 2119 1388 2166 fundam.

152 2181 300 2239 Dixit,
326 2200 530 2246 eumque
555 2184 660 2230 imis
686 2186 774 2231 sub
799 2184 1023 2232 fluctibus
1047 2185 1195 2232 audiit
1217 2186 1371 2232 omnis

147 2248 411 2296 NereIdum
437 2251 705 2313 Phorcique
731 2253 918 2309 chorus,
945 2253 1268 2315 Panopeaque
1294 2253 1456 2313 virgo:

148 2316 211 2362 Et
235 2323 373 2379 pater
395 2317 495 2379 ipse
514 2334 658 2364 manu
685 2319 854 2379 magna
882 2321 1118 2366 Portunus
1136 2328 1325 2366 euntem
1364 2326 1452 2366 241

149 2381 374 2444 impulit:
411 2383 492 2430 illa
516 2385 646 2431 Noto
671 2384 810 2430 citius
825 2385 1102 2448 volucrique
1127 2386 1296 2446 sagitta

149 2448 234 2496 Ad
250 2455 421 2496 terram
446 2449 582 2513 fugit,
611 2458 657 2497 et
679 2459 821 2515 portu
846 2468 894 2499 se
921 2453 1142 2500 condidit
1167 2453 1278 2499 alto.
