1607 2700
518 56 782 93 AENEmos
821 56 932 90 Lm.
971 56 1102 94 vm,
1372 43 1465 91 *263

157 176 353 240 Optime
377 175 727 238 Graiugenum,
753 175 832 220 cui
858 190 933 221 me
960 176 1170 222 Fortuna
1195 176 1398 238 precari,

155 247 218 291 Et
244 244 354 290 vitta
380 252 565 288 comtos
586 240 735 288 voluit
751 240 1045 303 praetendere
1063 257 1249 298 ramOS,
1239 261 1248 270 ·
1270 244 1461 306 [Arcas‚

154 311 264 356 Non
289 309 506 382 equidem
531 308 742 366 extimui,
785 307 1008 354 Danaum
1044 308 1175 368 qubd
1211 310 1384 356 ductor
1416 319 1466 356 et

153 376 433 438 Quodquea
446 375 594 437 stirpe
604 374 731 421 fores
747 374 942 437 geminis
953 374 1242 435 conjunctus
1262 376 1459 430 Atridis;

153 442 244 489 Sed
269 457 371 488 mea
394 458 470 489 me
492 442 657 497 virtus,
677 450 726 488 et
750 450 912 487 sancta
937 440 1131 487 oracula
1156 442 1347 498 Divum,
1373 449 1456 491 131

152 507 452 571 Cognatique
477 517 656 570 patres,
682 516 767 554 tua
791 509 923 555 terris
947 507 1100 554 didita
1125 507 1269 564 fama,

150 573 454 634 Coniunxere
480 575 583 632 tibi,
611 584 657 621 et
683 575 790 621 fatis
814 577 951 637 egere
978 575 1231 621 volentem.

102 677 126 690 c
149 641 422 697 Dardanus,
447 642 604 688 lliacae
629 642 808 703 primus
835 650 970 704 pater
995 641 1124 688 urbis
1149 649 1198 688 et
1221 649 1406 698 auctor,

147 708 352 764 Electra,
380 717 431 754 ut
455 709 587 755 Graii
612 709 884 770 perhibent,
910 708 1155 754 Atlantide
1176 718 1348 764 cretuS,

145 774 414 821 Advehitur
435 775 687 829 Teucr‹›s;
727 776 963 822 Electram
1001 774 1235 820 maximus
1261 776 1395 824 Atlas

145 840 320 898 Edidit,
349 842 582 888 aethereos
609 842 806 887 humero
833 842 915 903 qui
942 842 1148 888 sustinet
1172 842 1326 888 orbes.

145 908 296 954 Vobis
322 909 596 955 Mercurius
622 916 758 970 pater
782 917 867 964 est,
895 924 1038 969 quem
1064 908 1269 954 candida
1297 908 1428 955 Maia

146 974 360 1036 Cyllenae
383 974 542 1036 gelido
568 982 858 1036 conceptum
884 974 1057 1020 vertice
1079 973 1224 1021 fudit.
1368 982 1459 1030 139

139 1038 210 1086 At
236 1041 429 1098 Maiam,
458 1041 632 1087 auditis
658 1041 695 1087 si
720 1041 984 1103 quicquam
1018 1041 1275 1098 credimuS,
1305 1041 1456 1096 Atlas,

141 1103 280 1153 Idem
305 1107 441 1155 Atlas
466 1115 675 1170 generat,
704 1108 811 1154 coeli
840 1108 922 1170 qui
947 1107 1100 1155 sidera
1118 1108 1256 1155 tollit.

142 1172 222 1219 Sic
249 1190 397 1236 genus
423 1176 671 1223 amborum
700 1175 879 1221 scindit
903 1191 952 1221 se
978 1175 1207 1236 sanguine
1232 1174 1294 1221 ab
1322 1190 1433 1220 uno.

141 1239 229 1286 His
255 1240 414 1297 fretus,
433 1259 527 1288 non
552 1242 753 1304 legatos,
782 1258 934 1304 neque
959 1241 1111 1303 prima
1131 1258 1218 1304 per
1242 1249 1388 1287 artem

141 1307 466 1355 Tentamenta
490 1308 560 1355 tui
585 1308 769 1371 pepigi:
808 1325 897 1365 me,
922 1326 995 1354 me
1022 1308 1120 1370 ipse
1145 1324 1401 1370 meumque

141 1373 319 1435 objeci
344 1383 507 1437 caput,
530 1383 579 1422 et
599 1377 803 1437 supplex
829 1374 888 1421 ad
914 1375 1073 1422 limina
1098 1376 1222 1422 veni.

141 1440 274 1487 Gens
301 1442 484 1498 eadem,
509 1458 616 1504 quae
640 1452 702 1497 te,
726 1441 909 1488 crudeli
935 1441 1128 1488 Daunia
1155 1442 1282 1488 bello

139 1507 440 1570 Insequitur;
479 1525 562 1554 nos
587 1509 623 1554 si
647 1510 846 1570 pellant,
869 1508 983 1554 nihil
1006 1508 1174 1555 abfore
1200 1508 1310 1555 cred
1322 1516 1419 1563 unt,

140 1573 269 1628 Quin
306 1590 495 1621 omnem
532 1575 810 1637 Hesperiam
853 1574 1040 1638 penitus
1081 1591 1165 1621 sua
1206 1576 1295 1622 sub
1333 1575 1454 1639 juga

268 1641 487 1695 mittant;

137 1707 198 1753 Et
211 1708 498 1770 mare,quod
520 1706 680 1771 supra,
694 1716 902 1763 teneant,
917 1707 1147 1771 quodque
1159 1708 1295 1754 alluit
1315 1708 1451 1758 infra.

142 1773 338 1837 Accipe,
364 1778 522 1838 daque
547 1774 704 1822 fidem.
745 1776 866 1821 Sunt
888 1776 1028 1822 nobis
1048 1775 1188 1822 fortia
1211 1775 1334 1822 bello
1361 1784 1451 1825 150

136 1838 354 1898 Pectora,
380 1850 493 1889 sunt
516 1842 675 1899 animi,
704 1849 753 1888 et
776 1842 917 1888 rebus
942 1850 1157 1903 spectata
1174 1841 1428 1902 juventus.

205 1908 404 1955 Dixerat
423 1909 615 1956 AEneas:
655 1908 729 1954 ille
755 1925 807 1954 os
833 1909 1101 1970 oculosque
1126 1909 1362 1970 loquentis

137 1973 447 2031 jamdudum,
476 1984 522 2023 et
547 1983 701 2021 totum
728 1975 963 2022 lustrabat
987 1975 1163 2022 lumine
1189 1992 1384 2038 corpus,

135 2041 263 2088 Tum
285 2042 352 2089 sic
372 2058 528 2106 pauca
541 2040 710 2088 refert:
749 2042 818 2088 Ut
842 2041 1170 2098 te,fortissime
1186 2043 1449 2101 Teucrum,

138 2109 340 2171 Accipio
364 2126 672 2173 agnoscoque
695 2108 878 2156 libens!
920 2117 970 2154 ut
997 2110 1142 2156 verba
1167 2111 1377 2171 parentis

138 2176 203 2223 Et
225 2192 389 2223 vocem
417 2177 641 2224 Anchisae
664 2175 820 2238 magni
845 2177 1128 2238 vultumque
1153 2176 1402 2224 recordor!

136 2243 262 2290 Nam
287 2244 475 2290 memini
501 2245 727 2292 Hesionae
747 2244 976 2290 visentem
1002 2260 1149 2304 regna
1174 2244 1347 2290 sororis

138 2310 581 2358 Laomedontiaden
606 2312 859 2367 Priamum,
888 2310 1126 2358 Salamina
1151 2320 1410 2373 petentem,

137 2377 367 2423 Protenus
394 2377 610 2426 Arcadiae
636 2377 817 2441 gelidos
837 2377 1041 2425 invisere
1065 2376 1198 2424 fines.

139 2443 258 2490 Tum
283 2443 393 2491 mihi
415 2445 564 2508 prima
580 2462 725 2510 genas
738 2445 946 2492 vestibat
963 2444 1077 2491 flore
1091 2445 1289 2506 juventa
1318 2465 1332 2501 ;
1364 2447 1449 2494 icio
