1586 2704
132 60 226 103 302
464 67 510 99 P.
549 67 797 102 VIRGtLll
839 70 1104 104 MAROMS

199 181 293 228 Hic.
319 182 447 227 Mars
467 181 754 243 armipotens
771 183 980 228 animum
1010 183 1230 244 viresque
1254 184 1430 231 Latinis

131 247 352 302 Addidit,
372 257 421 292 et
447 248 661 294 stimulos
684 265 815 295 acres
841 249 930 294 sub
959 258 1152 309 pectore
1177 249 1343 301 vertit;

130 313 428 374 Immisitque
454 315 636 376 Fugam
659 315 858 359 Teucris
883 324 1139 376 atrumque
1165 316 1429 362 Timorem.

132 379 358 440 Undique
375 380 679 434 conveniunt,
696 381 919 442 quoniam
941 380 1055 426 data
1081 381 1220 443 copia
1241 397 1432 443 pugnae,
1470 435 1472 437 ¹

131 446 434 508 Bellatorque
459 446 616 491 animo
643 448 774 491 Deus
799 446 982 492 incidit.
1339 455 1430 502 721

136 512 391 568 Pandaru3‚
419 522 467 558 ut
493 513 598 557 suso
621 527 895 572 germanum
922 528 1124 572 corpore
1151 512 1323 569 cernit,

130 578 192 623 Et
218 594 315 638 quo
342 579 403 624 sit
428 579 614 623 fortuna
645 578 768 632 loco,
795 578 877 638 qui
902 594 1039 623 casus
1063 589 1173 639 agat
1197 594 1266 624 res
1288 596 1300 632 ;

128 643 320 689 Portam
346 646 387 688 vi
416 645 558 689 mult-<¹1
584 659 817 689 converso
844 643 1038 689 cardine
1064 653 1275 706 torquet,

130 709 351 755 Obnixus
377 711 482 755 latis
508 710 741 762 humeris;
781 710 1052 769 multosque
1080 725 1290 767 suorum,

130 776 375 822 Moenibus
402 777 637 830 exclusos,
664 774 786 820 duro
812 775 858 819 in
886 774 1141 821 certamine
1163 775 1332 837 linquit
1354 792 1366 823 :

129 844 217 887 Ast
245 842 362 887 alios
389 859 548 888 secum
576 841 796 897 includit,
821 841 1091 903 recipitque
1118 852 1321 889 ruentes.

129 907 338 953 Demens
356 910 366 954 !
387 909 467 970 qui
485 908 711 954 Rutulum
734 907 778 952 in
797 906 953 954 medio
973 923 1065 958 non
1078 907 1267 969 agmine
1282 925 1435 964 regem

129 974 315 1020 Viderit
338 975 698 1037 irrumpentem,
728 974 946 1034 ultroque
973 973 1217 1020 incluserit
1243 975 1379 1022 urbi:

129 1039 387 1086 Immanem
411 1041 555 1087 veluti
581 1057 756 1102 pecora
780 1040 902 1085 inter
927 1039 1093 1086 inertia
1117 1039 1292 1100 tigrim.
1339 1048 1435 1095 730

128 1106 370 1153 Continuo
397 1123 518 1152 nova
541 1109 622 1153 lux
646 1106 793 1153 oculis
818 1106 1013 1163 effulsit,
1038 1114 1087 1151 et
1112 1121 1239 1152 arma

128 1171 428 1219 Horrendum
459 1190 690 1220 sonuere:
731 1181 936 1218 tremunt
961 1173 1006 1218 in
1034 1172 1208 1218 vertice
1233 1173 1387 1227 cristae

127 1238 421 1298 Sanguineae,
445 1240 712 1302 clypeoque
738 1239 965 1284 micantia
988 1238 1187 1284 fulmina
1201 1235 1411 1288 mittu‘nt.

193 1307 474 1365 Agnoscunt
495 1306 665 1352 faciem
683 1305 877 1350 invisam
891 1313 1035 1366 atque
1050 1305 1273 1350 immania
1287 1322 1432 1352 mem-

261 1372 345 1418 bra

126 1438 332 1484 Turbati
357 1439 514 1486 subito
540 1437 780 1484 AEneadae.
835 1437 963 1483 Tum
990 1435 1236 1483 Pandarus
1263 1437 1430 1502 ingens

127 1506 332 1561 Emicat,
358 1517 404 1552 et
432 1506 594 1552 mortis
621 1505 841 1550 fraternae
870 1503 1075 1549 fervidus
1104 1503 1169 1550 ira

127 1571 345 1618 Effatur:
383 1589 476 1618 non
505 1573 604 1617 liaec
631 1571 800 1615 dotalis·
827 1572 951 1631 regia
983 1574 1188 1626 Amatae,

127 1637 229 1682 Nec
258 1639 404 1684 muris
429 1639 623 1685 cohibet
645 1637 806 1697 patriis
836 1637 987 1682 media
1014 1635 1175 1682 Ardea
1193 1636 1432 1697 Turnum.

128 1705 296 1749 Castra
321 1705 507 1750 inimica
535 1704 697 1748 vides:
738 1703 864 1748 nulla
891 1702 1000 1748 hinc
1027 1702 1154 1748 exire
1179 1711 1400 1764 potestas.

128 1768 225 1815 Olli
250 1772 498 1817 subridens
525 1771 690 1816 sedato
717 1779 910 1828 pectore
936 1770 1127 1814 Turnus
1151 1783 1162 1814 ε
1333 1775 1428 1821 740

127 1835 311 1898 Incipe,
339 1839 474 1899 siqua
498 1838 656 1882 auimo
683 1836 849 1890 xistus,
872 1843 914 1880 et
943 1851 1137 1880 consere
1161 1834 1405 1887 dextram;

124 1901 215 1947 Hic
241 1905 381 1949 etiam
409 1907 649 1949 inventum
676 1902 860 1947 Priamo
883 1902 1096 1948 narrabis
1122 1900 1376 1948 Achillem.

127 1969 355 2016 Dixerat:
394 1971 471 2016 ille
496 1971 662 2016 rudem
690 1968 828 2014 nodis
852 1977 897 2013 et
923 1968 1103 2015 cortice
1130 1966 1281 2014 crudo

125 2035 390 2097 Intorquet,
414 2037 604 2083 summis
629 2036 830 2083 adnixus
858 2034 1052 2091 viribus,
1074 2034 1274 2080 hastam.

125 2102 369 2164 Excepere
394 2120 519 2149 aurae
545 2104 744 2154 vulnus;
785 2101 1007 2147 Saturnia
1030 2102 1156 2146 Jnno

123 2167 335 2215 Detorsit
361 2172 565 2225 veniens,
593 2179 843 2231 portaeque
868 2167 1078 2228 infigitur
1102 2168 1253 2214 hasta.

122 2237 187 2286 At
213 2251 305 2280 non
334 2237 424 2282 hoc
452 2239 617 2292 telum,
644 2252 747 2281 inea
773 2236 900 2295 quod
931 2237 973 2278 vi
999 2234 1193 2279 dextera
1218 2241 1394 2288 versat,

122 2301 361 2361 Effugies:
399 2320 551 2364 neque
575 2304 697 2348 enim
727 2302 768 2348 is
796 2302 873 2347 teli
900 2316 986 2345 nec
1011 2300 1215 2345 vulneris
1240 2309 1426 2346 auctor.

121 2368 203 2412 Sic.
229 2369 310 2423 ait,
335 2377 383 2414 et
408 2372 647 2415 sublatum
674 2369 764 2414 alte
789 2367 1034 2429 consurgit
1058 2366 1104 2412 in
1130 2382 1311 2423 ensem,

122 2434 183 2480 Et
208 2435 407 2485 mediam
434 2434 556 2482 ferro
583 2437 768 2494 gemina
791 2436 911 2482 inter
937 2445 1150 2496 tempora
1175 2432 1382 2480 frontem
