<?xml version="1.0" encoding="UTF-8"?>
<!DOCTYPE html PUBLIC "-//W3C//DTD XHTML 1.0 Transitional//EN"
    "http://www.w3.org/TR/xhtml1/DTD/xhtml1-transitional.dtd">
<html xmlns="http://www.w3.org/1999/xhtml" xml:lang="en" lang="en">
 <head>
  <title>
</title>
<meta http-equiv="Content-Type" content="text/html;charset=utf-8" />
  <meta name='ocr-system' content='tesseract 3.04.00' />
  <meta name='ocr-capabilities' content='ocr_page ocr_carea ocr_par ocr_line ocrx_word'/>
</head>
<body>
  <div class='ocr_page' id='page_1' title='image "./operaadfidemopti00virguoft/operaadfidemopti00virguoft_0253.png"; bbox 0 0 1607 2700; ppageno 0'>
   <div class='ocr_carea' id='block_1_1' title="bbox 568 33 1482 82">
    <p class='ocr_par' dir='ltr' id='par_1_1' title="bbox 568 33 1482 82">
     <span class='ocr_line' id='line_1_1' title="bbox 568 33 1482 82; baseline 0 -12"><span class='ocrx_word' id='word_1_1' title='bbox 568 35 828 70; x_wconf 81' lang='lat' dir='ltr'>AENEIDOS</span> <span class='ocrx_word' id='word_1_2' title='bbox 867 35 1106 70; x_wconf 75' lang='lat' dir='ltr'>Llss.v11.</span> <span class='ocrx_word' id='word_1_3' title='bbox 1390 33 1482 82; x_wconf 74' lang='lat'>249</span> 
     </span>
    </p>
   </div>
   <div class='ocr_carea' id='block_1_2' title="bbox 127 152 1484 2488">
    <p class='ocr_par' dir='ltr' id='par_1_2' title="bbox 127 152 1484 2488">
     <span class='ocr_line' id='line_1_2' title="bbox 168 152 1466 219; baseline 0 -15"><span class='ocrx_word' id='word_1_4' title='bbox 168 158 176 165; x_wconf 78' lang='grc'><em>’</em></span> <span class='ocrx_word' id='word_1_5' title='bbox 237 158 363 204; x_wconf 90' lang='lat' dir='ltr'>Dum</span> <span class='ocrx_word' id='word_1_6' title='bbox 389 157 578 204; x_wconf 86' lang='lat' dir='ltr'>Turnus</span> <span class='ocrx_word' id='word_1_7' title='bbox 603 152 802 200; x_wconf 88' lang='lat' dir='ltr'>Rutulos</span> <span class='ocrx_word' id='word_1_8' title='bbox 826 153 991 200; x_wconf 84' lang='lat' dir='ltr'>animis</span> <span class='ocrx_word' id='word_1_9' title='bbox 1006 155 1264 202; x_wconf 82' lang='lat' dir='ltr'>audacibus</span> <span class='ocrx_word' id='word_1_10' title='bbox 1286 156 1466 219; x_wconf 85' lang='lat' dir='ltr'>implet,</span> 
     </span>
     <span class='ocr_line' id='line_1_3' title="bbox 170 220 1317 283; baseline -0.004 -10"><span class='ocrx_word' id='word_1_11' title='bbox 170 223 360 273; x_wconf 82' lang='lat' dir='ltr'>Allecto</span> <span class='ocrx_word' id='word_1_12' title='bbox 387 223 432 269; x_wconf 90' lang='lat' dir='ltr'>in</span> <span class='ocrx_word' id='word_1_13' title='bbox 456 223 675 268; x_wconf 89' lang='lat' dir='ltr'>Teucros</span> <span class='ocrx_word' id='word_1_14' title='bbox 701 220 872 283; x_wconf 70' lang='lat' dir='ltr'>Stygiis</span> <span class='ocrx_word' id='word_1_15' title='bbox 898 237 948 266; x_wconf 91' lang='lat' dir='ltr'>se</span> <span class='ocrx_word' id='word_1_16' title='bbox 973 222 1185 268; x_wconf 90' lang='lat' dir='ltr'>concitat</span> <span class='ocrx_word' id='word_1_17' title='bbox 1205 223 1317 277; x_wconf 90' lang='lat' dir='ltr'>alis;</span> 
     </span>
     <span class='ocr_line' id='line_1_4' title="bbox 171 287 1442 351; baseline 0.001 -14"><span class='ocrx_word' id='word_1_18' title='bbox 171 293 286 337; x_wconf 88' lang='lat' dir='ltr'>Arte</span> <span class='ocrx_word' id='word_1_19' title='bbox 311 289 433 337; x_wconf 72' lang='lat' dir='ltr'>nova</span> <span class='ocrx_word' id='word_1_20' title='bbox 458 287 699 349; x_wconf 84' lang='lat' dir='ltr'>speculata</span> <span class='ocrx_word' id='word_1_21' title='bbox 723 287 901 343; x_wconf 82' lang='lat' dir='ltr'>locum,</span> <span class='ocrx_word' id='word_1_22' title='bbox 943 303 1039 348; x_wconf 93' lang='lat' dir='ltr'>quo</span> <span class='ocrx_word' id='word_1_23' title='bbox 1064 288 1223 335; x_wconf 88' lang='lat' dir='ltr'>littore</span> <span class='ocrx_word' id='word_1_24' title='bbox 1245 290 1442 351; x_wconf 88' lang='lat' dir='ltr'><strong>pulcher</strong></span> 
     </span>
     <span class='ocr_line' id='line_1_5' title="bbox 170 354 1172 416; baseline -0.001 -14"><span class='ocrx_word' id='word_1_25' title='bbox 170 356 367 404; x_wconf 79' lang='lat' dir='ltr'>Insidiis</span> <span class='ocrx_word' id='word_1_26' title='bbox 386 371 619 416; x_wconf 82' lang='lat' dir='ltr'>cursuque</span> <span class='ocrx_word' id='word_1_27' title='bbox 639 354 761 401; x_wconf 86' lang='lat' dir='ltr'>feras</span> <span class='ocrx_word' id='word_1_28' title='bbox 786 354 999 415; x_wconf 77' lang='lat' dir='ltr'>agitabat</span> <span class='ocrx_word' id='word_1_29' title='bbox 1023 354 1172 401; x_wconf 79' lang='lat' dir='ltr'>Iulus.</span> 
     </span>
     <span class='ocr_line' id='line_1_6' title="bbox 172 419 1305 483; baseline -0.001 -13"><span class='ocrx_word' id='word_1_30' title='bbox 172 423 267 470; x_wconf 79' lang='lat' dir='ltr'>Hic</span> <span class='ocrx_word' id='word_1_31' title='bbox 287 423 494 469; x_wconf 89' lang='lat' dir='ltr'>subitam</span> <span class='ocrx_word' id='word_1_32' title='bbox 521 422 719 468; x_wconf 88' lang='lat' dir='ltr'>canibus</span> <span class='ocrx_word' id='word_1_33' title='bbox 744 421 919 467; x_wconf 84' lang='lat' dir='ltr'>rabiem</span> <span class='ocrx_word' id='word_1_34' title='bbox 947 419 1151 481; x_wconf 85' lang='lat' dir='ltr'>Cocytia</span> <span class='ocrx_word' id='word_1_35' title='bbox 1175 421 1305 483; x_wconf 84' lang='lat' dir='ltr'>virgo</span> 
     </span>
     <span class='ocr_line' id='line_1_7' title="bbox 171 486 1484 550; baseline -0.002 -13"><span class='ocrx_word' id='word_1_36' title='bbox 171 489 370 550; x_wconf 83' lang='lat' dir='ltr'>objicit,</span> <span class='ocrx_word' id='word_1_37' title='bbox 409 497 455 535; x_wconf 87' lang='lat' dir='ltr'>et</span> <span class='ocrx_word' id='word_1_38' title='bbox 480 498 591 535; x_wconf 89' lang='lat' dir='ltr'>noto</span> <span class='ocrx_word' id='word_1_39' title='bbox 615 504 749 535; x_wconf 86' lang='lat' dir='ltr'>nares</span> <span class='ocrx_word' id='word_1_40' title='bbox 772 487 1005 548; x_wconf 83' lang='lat' dir='ltr'>contingit</span> <span class='ocrx_word' id='word_1_41' title='bbox 1030 486 1198 541; x_wconf 88' lang='lat' dir='ltr'>odore,</span> <span class='ocrx_word' id='word_1_42' title='bbox 1388 496 1484 538; x_wconf 82' lang='lat'>480</span> 
     </span>
     <span class='ocr_line' id='line_1_8' title="bbox 170 553 1483 617; baseline 0 -15"><span class='ocrx_word' id='word_1_43' title='bbox 170 557 235 603; x_wconf 91' lang='lat' dir='ltr'>Ut</span> <span class='ocrx_word' id='word_1_44' title='bbox 253 572 444 602; x_wconf 88' lang='lat' dir='ltr'>cervum</span> <span class='ocrx_word' id='word_1_45' title='bbox 468 554 688 602; x_wconf 82' lang='lat' dir='ltr'>ardentes</span> <span class='ocrx_word' id='word_1_46' title='bbox 708 562 922 617; x_wconf 81' lang='lat' dir='ltr'>agerent:</span> <span class='ocrx_word' id='word_1_47' title='bbox 964 570 1071 616; x_wconf 89' lang='lat' dir='ltr'>quae</span> <span class='ocrx_word' id='word_1_48' title='bbox 1097 553 1249 616; x_wconf 86' lang='lat' dir='ltr'>prima</span> <span class='ocrx_word' id='word_1_49' title='bbox 1269 555 1483 602; x_wconf 89' lang='lat' dir='ltr'>laborum</span> 
     </span>
     <span class='ocr_line' id='line_1_9' title="bbox 170 620 1415 684; baseline 0 -16"><span class='ocrx_word' id='word_1_50' title='bbox 170 623 327 669; x_wconf 86' lang='lat' dir='ltr'>Causa</span> <span class='ocrx_word' id='word_1_51' title='bbox 351 622 455 678; x_wconf 80' lang='lat' dir='ltr'>fuit,</span> <span class='ocrx_word' id='word_1_52' title='bbox 497 622 719 684; x_wconf 87' lang='lat' dir='ltr'>belloque</span> <span class='ocrx_word' id='word_1_53' title='bbox 744 621 927 668; x_wconf 86' lang='lat' dir='ltr'>animos</span> <span class='ocrx_word' id='word_1_54' title='bbox 947 620 1169 668; x_wconf 86' lang='lat' dir='ltr'>accendit</span> <span class='ocrx_word' id='word_1_55' title='bbox 1193 630 1415 682; x_wconf 84' lang='lat' dir='ltr'>agrestes.</span> 
     </span>
     <span class='ocr_line' id='line_1_10' title="bbox 236 687 1481 751; baseline -0.001 -16"><span class='ocrx_word' id='word_1_56' title='bbox 236 689 417 735; x_wconf 87' lang='lat' dir='ltr'>Cervus</span> <span class='ocrx_word' id='word_1_57' title='bbox 442 696 542 735; x_wconf 84' lang='lat' dir='ltr'>erat</span> <span class='ocrx_word' id='word_1_58' title='bbox 558 688 709 735; x_wconf 73' lang='lat' dir='ltr'>forma</span> <span class='ocrx_word' id='word_1_59' title='bbox 725 687 971 751; x_wconf 82' lang='lat' dir='ltr'>praestanti</span> <span class='ocrx_word' id='word_1_60' title='bbox 987 695 1035 734; x_wconf 88' lang='lat' dir='ltr'>et</span> <span class='ocrx_word' id='word_1_61' title='bbox 1055 687 1281 734; x_wconf 80' lang='lat' dir='ltr'>cornibus</span> <span class='ocrx_word' id='word_1_62' title='bbox 1299 689 1481 750; x_wconf 85' lang='lat' dir='ltr'>ingens,</span> 
     </span>
     <span class='ocr_line' id='line_1_11' title="bbox 167 753 1394 818; baseline 0.001 -18"><span class='ocrx_word' id='word_1_63' title='bbox 167 755 424 818; x_wconf 81' lang='lat' dir='ltr'>Tyrrhidae</span> <span class='ocrx_word' id='word_1_64' title='bbox 450 756 579 817; x_wconf 87' lang='lat' dir='ltr'>pueri</span> <span class='ocrx_word' id='word_1_65' title='bbox 606 771 746 818; x_wconf 91' lang='lat' dir='ltr'>quem</span> <span class='ocrx_word' id='word_1_66' title='bbox 768 753 924 800; x_wconf 88' lang='lat' dir='ltr'>matris</span> <span class='ocrx_word' id='word_1_67' title='bbox 948 755 1008 800; x_wconf 88' lang='lat' dir='ltr'>ab</span> <span class='ocrx_word' id='word_1_68' title='bbox 1036 755 1181 801; x_wconf 91' lang='lat' dir='ltr'>ubere</span> <span class='ocrx_word' id='word_1_69' title='bbox 1206 764 1394 817; x_wconf 84' lang='lat' dir='ltr'>raptum</span> 
     </span>
     <span class='ocr_line' id='line_1_12' title="bbox 167 821 1452 884; baseline 0 -15"><span class='ocrx_word' id='word_1_70' title='bbox 167 822 448 879; x_wconf 89' lang='lat' dir='ltr'>Nutribant,</span> <span class='ocrx_word' id='word_1_71' title='bbox 483 822 822 884; x_wconf 73' lang='lat' dir='ltr'>Tyri-heusque</span> <span class='ocrx_word' id='word_1_72' title='bbox 847 829 997 883; x_wconf 89' lang='lat' dir='ltr'>pater,</span> <span class='ocrx_word' id='word_1_73' title='bbox 1034 821 1112 867; x_wconf 86' lang='lat' dir='ltr'>cui</span> <span class='ocrx_word' id='word_1_74' title='bbox 1136 821 1262 883; x_wconf 83' lang='lat' dir='ltr'>regia</span> <span class='ocrx_word' id='word_1_75' title='bbox 1285 830 1452 884; x_wconf 88' lang='lat' dir='ltr'>parent</span> 
     </span>
     <span class='ocr_line' id='line_1_13' title="bbox 168 887 1253 950; baseline -0.001 -15"><span class='ocrx_word' id='word_1_76' title='bbox 168 890 411 946; x_wconf 87' lang='lat' dir='ltr'>Armenta,</span> <span class='ocrx_word' id='word_1_77' title='bbox 438 897 487 936; x_wconf 89' lang='lat' dir='ltr'>et</span> <span class='ocrx_word' id='word_1_78' title='bbox 511 889 603 934; x_wconf 77' lang='lat' dir='ltr'>late</span> <span class='ocrx_word' id='word_1_79' title='bbox 629 887 849 934; x_wconf 85' lang='lat' dir='ltr'>custodia</span> <span class='ocrx_word' id='word_1_80' title='bbox 874 887 1055 934; x_wconf 83' lang='lat' dir='ltr'>credita</span> <span class='ocrx_word' id='word_1_81' title='bbox 1081 889 1253 950; x_wconf 87' lang='lat' dir='ltr'>campi.</span> 
     </span>
     <span class='ocr_line' id='line_1_14' title="bbox 167 953 1269 1016; baseline -0.001 -14"><span class='ocrx_word' id='word_1_82' title='bbox 167 957 426 1002; x_wconf 87' lang='lat' dir='ltr'>Assuetum</span> <span class='ocrx_word' id='word_1_83' title='bbox 452 955 658 1016; x_wconf 85' lang='lat' dir='ltr'>imperiis</span> <span class='ocrx_word' id='word_1_84' title='bbox 683 970 814 1000; x_wconf 89' lang='lat' dir='ltr'>soror</span> <span class='ocrx_word' id='word_1_85' title='bbox 834 954 961 1000; x_wconf 87' lang='lat' dir='ltr'>omni</span> <span class='ocrx_word' id='word_1_86' title='bbox 986 953 1129 1000; x_wconf 79' lang='lat' dir='ltr'>Silvia</span> <span class='ocrx_word' id='word_1_87' title='bbox 1155 956 1269 1001; x_wconf 67' lang='lat' dir='ltr'>cura</span> 
     </span>
     <span class='ocr_line' id='line_1_15' title="bbox 167 1020 1262 1077; baseline 0 -10"><span class='ocrx_word' id='word_1_88' title='bbox 167 1021 404 1069; x_wconf 91' lang='lat' dir='ltr'>Mollibus</span> <span class='ocrx_word' id='word_1_89' title='bbox 429 1022 644 1069; x_wconf 79' lang='lat' dir='ltr'>intexens</span> <span class='ocrx_word' id='word_1_90' title='bbox 667 1020 863 1067; x_wconf 87' lang='lat' dir='ltr'>ornabat</span> <span class='ocrx_word' id='word_1_91' title='bbox 890 1036 1064 1068; x_wconf 85' lang='lat' dir='ltr'>cornua</span> <span class='ocrx_word' id='word_1_92' title='bbox 1093 1021 1228 1067; x_wconf 89' lang='lat' dir='ltr'>sertis</span> <span class='ocrx_word' id='word_1_93' title='bbox 1250 1040 1262 1077; x_wconf 87' lang='lat'>;</span> 
     </span>
     <span class='ocr_line' id='line_1_16' title="bbox 165 1086 1395 1151; baseline 0.001 -17"><span class='ocrx_word' id='word_1_94' title='bbox 165 1087 493 1151; x_wconf 86' lang='lat' dir='ltr'>Pectebatque</span> <span class='ocrx_word' id='word_1_95' title='bbox 518 1086 684 1144; x_wconf 83' lang='lat' dir='ltr'>ferum,</span> <span class='ocrx_word' id='word_1_96' title='bbox 723 1103 941 1151; x_wconf 91' lang='lat' dir='ltr'>puroque</span> <span class='ocrx_word' id='word_1_97' title='bbox 962 1087 1006 1133; x_wconf 91' lang='lat' dir='ltr'>in</span> <span class='ocrx_word' id='word_1_98' title='bbox 1034 1087 1163 1134; x_wconf 84' lang='lat' dir='ltr'>sonte</span> <span class='ocrx_word' id='word_1_99' title='bbox 1187 1086 1395 1135; x_wconf 78' lang='lat' dir='ltr'>lavabat.</span> 
     </span>
     <span class='ocr_line' id='line_1_17' title="bbox 167 1153 1484 1218; baseline 0.004 -19"><span class='ocrx_word' id='word_1_100' title='bbox 167 1153 253 1201; x_wconf 92' lang='lat' dir='ltr'>Ille</span> <span class='ocrx_word' id='word_1_101' title='bbox 266 1171 455 1202; x_wconf 86' lang='lat' dir='ltr'>manum</span> <span class='ocrx_word' id='word_1_102' title='bbox 470 1154 674 1218; x_wconf 84' lang='lat' dir='ltr'>patiens,</span> <span class='ocrx_word' id='word_1_103' title='bbox 690 1171 965 1216; x_wconf 87' lang='lat' dir='ltr'>mensaeque</span> <span class='ocrx_word' id='word_1_104' title='bbox 982 1161 1203 1201; x_wconf 88' lang='lat' dir='ltr'>assuetus</span> <span class='ocrx_word' id='word_1_105' title='bbox 1217 1154 1367 1214; x_wconf 83' lang='lat' dir='ltr'>herili,</span> <span class='ocrx_word' id='word_1_106' title='bbox 1388 1163 1484 1212; x_wconf 83' lang='lat'>490</span> 
     </span>
     <span class='ocr_line' id='line_1_18' title="bbox 165 1220 1258 1283; baseline 0.001 -16"><span class='ocrx_word' id='word_1_107' title='bbox 165 1220 372 1269; x_wconf 86' lang='lat' dir='ltr'>Errabat</span> <span class='ocrx_word' id='word_1_108' title='bbox 397 1221 550 1278; x_wconf 86' lang='lat' dir='ltr'>silvis;</span> <span class='ocrx_word' id='word_1_109' title='bbox 591 1237 848 1283; x_wconf 87' lang='lat' dir='ltr'>rursusque</span> <span class='ocrx_word' id='word_1_110' title='bbox 872 1222 930 1268; x_wconf 89' lang='lat' dir='ltr'>ad</span> <span class='ocrx_word' id='word_1_111' title='bbox 956 1221 1119 1267; x_wconf 86' lang='lat' dir='ltr'>limina</span> <span class='ocrx_word' id='word_1_112' title='bbox 1144 1231 1258 1268; x_wconf 84' lang='lat' dir='ltr'>nota</span> 
     </span>
     <span class='ocr_line' id='line_1_19' title="bbox 165 1286 1316 1350; baseline 0.002 -17"><span class='ocrx_word' id='word_1_113' title='bbox 165 1287 277 1349; x_wconf 88' lang='lat' dir='ltr'>Ipse</span> <span class='ocrx_word' id='word_1_114' title='bbox 302 1287 497 1335; x_wconf 89' lang='lat' dir='ltr'>domum</span> <span class='ocrx_word' id='word_1_115' title='bbox 525 1288 626 1335; x_wconf 69' lang='lat' dir='ltr'>sera</span> <span class='ocrx_word' id='word_1_116' title='bbox 653 1287 868 1350; x_wconf 86' lang='lat' dir='ltr'>quamvis</span> <span class='ocrx_word' id='word_1_117' title='bbox 888 1305 933 1334; x_wconf 89' lang='lat' dir='ltr'>se</span> <span class='ocrx_word' id='word_1_118' title='bbox 953 1296 1094 1334; x_wconf 89' lang='lat' dir='ltr'>nocte</span> <span class='ocrx_word' id='word_1_119' title='bbox 1118 1286 1316 1335; x_wconf 88' lang='lat' dir='ltr'>ferebat.</span> 
     </span>
     <span class='ocr_line' id='line_1_20' title="bbox 167 1353 1325 1418; baseline 0.001 -18"><span class='ocrx_word' id='word_1_120' title='bbox 167 1353 311 1400; x_wconf 91' lang='lat' dir='ltr'>Hunc</span> <span class='ocrx_word' id='word_1_121' title='bbox 337 1356 506 1418; x_wconf 89' lang='lat' dir='ltr'>procul</span> <span class='ocrx_word' id='word_1_122' title='bbox 530 1363 763 1402; x_wconf 88' lang='lat' dir='ltr'>errantem</span> <span class='ocrx_word' id='word_1_123' title='bbox 790 1354 972 1401; x_wconf 86' lang='lat' dir='ltr'>rabidae</span> <span class='ocrx_word' id='word_1_124' title='bbox 998 1354 1211 1400; x_wconf 87' lang='lat' dir='ltr'>venantis</span> <span class='ocrx_word' id='word_1_125' title='bbox 1237 1355 1325 1402; x_wconf 83' lang='lat' dir='ltr'>Iiili</span> 
     </span>
     <span class='ocr_line' id='line_1_21' title="bbox 167 1420 1384 1477; baseline 0.001 -9"><span class='ocrx_word' id='word_1_126' title='bbox 167 1421 482 1469; x_wconf 74' lang='lat' dir='ltr'>Commovere</span> <span class='ocrx_word' id='word_1_127' title='bbox 509 1437 650 1468; x_wconf 87' lang='lat' dir='ltr'>canes</span> <span class='ocrx_word' id='word_1_128' title='bbox 672 1440 683 1477; x_wconf 83' lang='lat'><em>;</em></span> <span class='ocrx_word' id='word_1_129' title='bbox 723 1420 869 1467; x_wconf 87' lang='lat' dir='ltr'>fluvio</span> <span class='ocrx_word' id='word_1_130' title='bbox 890 1420 1000 1468; x_wconf 73' lang='lat' dir='ltr'>cum</span> <span class='ocrx_word' id='word_1_131' title='bbox 1027 1420 1148 1467; x_wconf 76' lang='lat' dir='ltr'>forte</span> <span class='ocrx_word' id='word_1_132' title='bbox 1170 1423 1384 1469; x_wconf 80' lang='lat' dir='ltr'>secundo</span> 
     </span>
     <span class='ocr_line' id='line_1_22' title="bbox 166 1487 1315 1552; baseline 0.002 -18"><span class='ocrx_word' id='word_1_133' title='bbox 166 1487 431 1545; x_wconf 88' lang='lat' dir='ltr'>Deflueret,</span> <span class='ocrx_word' id='word_1_134' title='bbox 460 1488 663 1552; x_wconf 70' lang='lat' dir='ltr'>ripaque</span> <span class='ocrx_word' id='word_1_135' title='bbox 688 1496 833 1534; x_wconf 83' lang='lat' dir='ltr'>aestus</span> <span class='ocrx_word' id='word_1_136' title='bbox 857 1487 1092 1534; x_wconf 87' lang='lat' dir='ltr'>viridante</span> <span class='ocrx_word' id='word_1_137' title='bbox 1118 1487 1315 1536; x_wconf 87' lang='lat' dir='ltr'>levaret.</span> 
     </span>
     <span class='ocr_line' id='line_1_23' title="bbox 165 1554 1285 1617; baseline 0.001 -16"><span class='ocrx_word' id='word_1_138' title='bbox 165 1555 279 1617; x_wconf 86' lang='lat' dir='ltr'>Ipse</span> <span class='ocrx_word' id='word_1_139' title='bbox 304 1555 444 1602; x_wconf 91' lang='lat' dir='ltr'>etiam</span> <span class='ocrx_word' id='word_1_140' title='bbox 464 1556 647 1602; x_wconf 86' lang='lat' dir='ltr'>eximiae</span> <span class='ocrx_word' id='word_1_141' title='bbox 673 1554 826 1601; x_wconf 86' lang='lat' dir='ltr'>laudis</span> <span class='ocrx_word' id='word_1_142' title='bbox 848 1570 1106 1601; x_wconf 88' lang='lat' dir='ltr'>succensus</span> <span class='ocrx_word' id='word_1_143' title='bbox 1126 1570 1285 1602; x_wconf 88' lang='lat' dir='ltr'>amore</span> 
     </span>
     <span class='ocr_line' id='line_1_24' title="bbox 169 1621 1182 1684; baseline 0.001 -16"><span class='ocrx_word' id='word_1_144' title='bbox 169 1621 402 1668; x_wconf 84' lang='lat' dir='ltr'>Ascanius</span> <span class='ocrx_word' id='word_1_145' title='bbox 429 1638 575 1669; x_wconf 88' lang='lat' dir='ltr'>curvo</span> <span class='ocrx_word' id='word_1_146' title='bbox 601 1621 770 1668; x_wconf 81' lang='lat' dir='ltr'>direxit</span> <span class='ocrx_word' id='word_1_147' title='bbox 795 1621 976 1684; x_wconf 85' lang='lat' dir='ltr'>spicula</span> <span class='ocrx_word' id='word_1_148' title='bbox 1002 1637 1182 1669; x_wconf 90' lang='lat' dir='ltr'>cornu:</span> 
     </span>
     <span class='ocr_line' id='line_1_25' title="bbox 127 1686 1408 1750; baseline 0.001 -15"><span class='ocrx_word' id='word_1_149' title='bbox 127 1719 131 1721; x_wconf 94' lang='lat'>-</span> <span class='ocrx_word' id='word_1_150' title='bbox 164 1688 270 1735; x_wconf 90' lang='lat' dir='ltr'>Nec</span> <span class='ocrx_word' id='word_1_151' title='bbox 295 1687 478 1736; x_wconf 82' lang='lat' dir='ltr'>dextrae</span> <span class='ocrx_word' id='word_1_152' title='bbox 501 1689 678 1735; x_wconf 86' lang='lat' dir='ltr'>erranti</span> <span class='ocrx_word' id='word_1_153' title='bbox 703 1689 833 1736; x_wconf 90' lang='lat' dir='ltr'>Deus</span> <span class='ocrx_word' id='word_1_154' title='bbox 857 1686 992 1744; x_wconf 89' lang='lat' dir='ltr'>afuit,</span> <span class='ocrx_word' id='word_1_155' title='bbox 1019 1695 1228 1750; x_wconf 89' lang='lat' dir='ltr'>actaque</span> <span class='ocrx_word' id='word_1_156' title='bbox 1254 1689 1408 1736; x_wconf 87' lang='lat' dir='ltr'>multo</span> 
     </span>
     <span class='ocr_line' id='line_1_26' title="bbox 163 1754 1447 1817; baseline 0.002 -16"><span class='ocrx_word' id='word_1_157' title='bbox 163 1754 349 1817; x_wconf 90' lang='lat' dir='ltr'>Perque</span> <span class='ocrx_word' id='word_1_158' title='bbox 375 1762 560 1803; x_wconf 85' lang='lat' dir='ltr'>uterum</span> <span class='ocrx_word' id='word_1_159' title='bbox 588 1756 764 1812; x_wconf 85' lang='lat' dir='ltr'>sonitu,</span> <span class='ocrx_word' id='word_1_160' title='bbox 791 1771 974 1817; x_wconf 86' lang='lat' dir='ltr'>perque</span> <span class='ocrx_word' id='word_1_161' title='bbox 1000 1755 1077 1801; x_wconf 93' lang='lat' dir='ltr'>ilia</span> <span class='ocrx_word' id='word_1_162' title='bbox 1102 1755 1228 1804; x_wconf 88' lang='lat' dir='ltr'>venit</span> <span class='ocrx_word' id='word_1_163' title='bbox 1251 1755 1447 1803; x_wconf 88' lang='lat' dir='ltr'>arundo.</span> 
     </span>
     <span class='ocr_line' id='line_1_27' title="bbox 164 1820 1482 1885; baseline 0.002 -16"><span class='ocrx_word' id='word_1_164' title='bbox 164 1822 363 1869; x_wconf 89' lang='lat' dir='ltr'>Saucius</span> <span class='ocrx_word' id='word_1_165' title='bbox 383 1830 433 1869; x_wconf 91' lang='lat' dir='ltr'>at</span> <span class='ocrx_word' id='word_1_166' title='bbox 457 1821 733 1884; x_wconf 87' lang='lat' dir='ltr'>quadrupes</span> <span class='ocrx_word' id='word_1_167' title='bbox 753 1831 867 1869; x_wconf 89' lang='lat' dir='ltr'>nota.</span> <span class='ocrx_word' id='word_1_168' title='bbox 883 1820 1003 1868; x_wconf 76' lang='lat' dir='ltr'>intra</span> <span class='ocrx_word' id='word_1_169' title='bbox 1023 1828 1152 1868; x_wconf 86' lang='lat' dir='ltr'>tecta</span> <span class='ocrx_word' id='word_1_170' title='bbox 1175 1822 1364 1885; x_wconf 87' lang='lat' dir='ltr'>refugit,</span> <span class='ocrx_word' id='word_1_171' title='bbox 1388 1831 1482 1871; x_wconf 83' lang='lat'>500</span> 
     </span>
     <span class='ocr_line' id='line_1_28' title="bbox 165 1887 1483 1952; baseline 0.001 -16"><span class='ocrx_word' id='word_1_172' title='bbox 165 1889 504 1952; x_wconf 84' lang='lat' dir='ltr'>Successitque</span> <span class='ocrx_word' id='word_1_173' title='bbox 529 1905 716 1951; x_wconf 82' lang='lat' dir='ltr'>gemens</span> <span class='ocrx_word' id='word_1_174' title='bbox 741 1887 970 1945; x_wconf 76' lang='lat' dir='ltr'>stabulis3</span> <span class='ocrx_word' id='word_1_175' title='bbox 999 1896 1283 1951; x_wconf 89' lang='lat' dir='ltr'>questuque,</span> <span class='ocrx_word' id='word_1_176' title='bbox 1315 1906 1483 1937; x_wconf 88' lang='lat' dir='ltr'>cruen-</span> 
     </span>
     <span class='ocr_line' id='line_1_29' title="bbox 295 1963 385 2013; baseline 0 -12"><span class='ocrx_word' id='word_1_177' title='bbox 295 1963 385 2013; x_wconf 88' lang='lat' dir='ltr'>tus,</span> 
     </span>
     <span class='ocr_line' id='line_1_30' title="bbox 164 2021 1444 2086; baseline 0 -14"><span class='ocrx_word' id='word_1_178' title='bbox 164 2024 326 2086; x_wconf 83' lang='lat' dir='ltr'>Atque</span> <span class='ocrx_word' id='word_1_179' title='bbox 352 2021 625 2086; x_wconf 89' lang='lat' dir='ltr'>imploranti</span> <span class='ocrx_word' id='word_1_180' title='bbox 650 2022 831 2079; x_wconf 89' lang='lat' dir='ltr'>similis,</span> <span class='ocrx_word' id='word_1_181' title='bbox 858 2029 1039 2069; x_wconf 87' lang='lat' dir='ltr'>tectum</span> <span class='ocrx_word' id='word_1_182' title='bbox 1065 2038 1206 2071; x_wconf 89' lang='lat' dir='ltr'>omne</span> <span class='ocrx_word' id='word_1_183' title='bbox 1231 2023 1444 2086; x_wconf 84' lang='lat' dir='ltr'>replevit.</span> 
     </span>
     <span class='ocr_line' id='line_1_31' title="bbox 166 2089 1357 2153; baseline 0 -16"><span class='ocrx_word' id='word_1_184' title='bbox 166 2090 311 2137; x_wconf 87' lang='lat' dir='ltr'>Silvia</span> <span class='ocrx_word' id='word_1_185' title='bbox 336 2090 485 2153; x_wconf 89' lang='lat' dir='ltr'>prima</span> <span class='ocrx_word' id='word_1_186' title='bbox 514 2105 662 2147; x_wconf 90' lang='lat' dir='ltr'>soror,</span> <span class='ocrx_word' id='word_1_187' title='bbox 690 2090 858 2151; x_wconf 87' lang='lat' dir='ltr'>palmis</span> <span class='ocrx_word' id='word_1_188' title='bbox 884 2105 1111 2152; x_wconf 82' lang='lat' dir='ltr'>percussa</span> <span class='ocrx_word' id='word_1_189' title='bbox 1136 2089 1357 2147; x_wconf 88' lang='lat' dir='ltr'>lacertos,</span> 
     </span>
     <span class='ocr_line' id='line_1_32' title="bbox 166 2156 1381 2219; baseline 0.002 -17"><span class='ocrx_word' id='word_1_190' title='bbox 166 2156 413 2206; x_wconf 82' lang='lat' dir='ltr'>Auxilium</span> <span class='ocrx_word' id='word_1_191' title='bbox 438 2165 597 2215; x_wconf 76' lang='lat' dir='ltr'>vocat,</span> <span class='ocrx_word' id='word_1_192' title='bbox 624 2165 670 2203; x_wconf 85' lang='lat' dir='ltr'>et</span> <span class='ocrx_word' id='word_1_193' title='bbox 695 2156 839 2203; x_wconf 85' lang='lat' dir='ltr'>duros</span> <span class='ocrx_word' id='word_1_194' title='bbox 865 2156 1136 2202; x_wconf 88' lang='lat' dir='ltr'>conclamat</span> <span class='ocrx_word' id='word_1_195' title='bbox 1160 2167 1381 2219; x_wconf 84' lang='lat' dir='ltr'>agrestes.</span> 
     </span>
     <span class='ocr_line' id='line_1_33' title="bbox 167 2224 1295 2288; baseline 0 -18"><span class='ocrx_word' id='word_1_196' title='bbox 167 2224 267 2270; x_wconf 84' lang='lat' dir='ltr'>Olli</span> <span class='ocrx_word' id='word_1_197' title='bbox 285 2226 454 2288; x_wconf 89' lang='lat' dir='ltr'>(pestis</span> <span class='ocrx_word' id='word_1_198' title='bbox 479 2226 604 2272; x_wconf 88' lang='lat' dir='ltr'>enim</span> <span class='ocrx_word' id='word_1_199' title='bbox 630 2224 786 2271; x_wconf 85' lang='lat' dir='ltr'>tacitis</span> <span class='ocrx_word' id='word_1_200' title='bbox 814 2224 931 2271; x_wconf 83' lang='lat' dir='ltr'>latet</span> <span class='ocrx_word' id='word_1_201' title='bbox 956 2238 1124 2285; x_wconf 83' lang='lat' dir='ltr'>aspera</span> <span class='ocrx_word' id='word_1_202' title='bbox 1149 2224 1295 2284; x_wconf 84' lang='lat' dir='ltr'>silvis)</span> 
     </span>
     <span class='ocr_line' id='line_1_34' title="bbox 168 2289 1365 2352; baseline 0.002 -17"><span class='ocrx_word' id='word_1_203' title='bbox 168 2289 418 2352; x_wconf 89' lang='lat' dir='ltr'>lmprovisi</span> <span class='ocrx_word' id='word_1_204' title='bbox 441 2291 646 2339; x_wconf 88' lang='lat' dir='ltr'>adsunt:</span> <span class='ocrx_word' id='word_1_205' title='bbox 686 2291 764 2338; x_wconf 86' lang='lat' dir='ltr'>hic</span> <span class='ocrx_word' id='word_1_206' title='bbox 790 2298 913 2337; x_wconf 88' lang='lat' dir='ltr'>torre</span> <span class='ocrx_word' id='word_1_207' title='bbox 938 2297 1150 2337; x_wconf 85' lang='lat' dir='ltr'>armatus</span> <span class='ocrx_word' id='word_1_208' title='bbox 1175 2292 1365 2349; x_wconf 89' lang='lat' dir='ltr'>obusto,</span> 
     </span>
     <span class='ocr_line' id='line_1_35' title="bbox 170 2356 1476 2421; baseline 0.002 -18"><span class='ocrx_word' id='word_1_209' title='bbox 170 2356 354 2419; x_wconf 86' lang='lat' dir='ltr'>Stipitis</span> <span class='ocrx_word' id='word_1_210' title='bbox 383 2358 459 2405; x_wconf 86' lang='lat' dir='ltr'>hic</span> <span class='ocrx_word' id='word_1_211' title='bbox 485 2358 663 2421; x_wconf 86' lang='lat' dir='ltr'>gravidi</span> <span class='ocrx_word' id='word_1_212' title='bbox 689 2357 849 2413; x_wconf 87' lang='lat' dir='ltr'>nodis;</span> <span class='ocrx_word' id='word_1_213' title='bbox 889 2356 1018 2419; x_wconf 91' lang='lat' dir='ltr'>quod</span> <span class='ocrx_word' id='word_1_214' title='bbox 1044 2356 1217 2419; x_wconf 91' lang='lat' dir='ltr'>cuique</span> <span class='ocrx_word' id='word_1_215' title='bbox 1243 2367 1476 2421; x_wconf 80' lang='lat' dir='ltr'>repertum</span> 
     </span>
     <span class='ocr_line' id='line_1_36' title="bbox 172 2422 1478 2488; baseline -0.001 -18"><span class='ocrx_word' id='word_1_216' title='bbox 172 2422 401 2483; x_wconf 83' lang='lat' dir='ltr'>Rimanti,</span> <span class='ocrx_word' id='word_1_217' title='bbox 422 2426 564 2473; x_wconf 88' lang='lat' dir='ltr'>telum</span> <span class='ocrx_word' id='word_1_218' title='bbox 591 2425 654 2473; x_wconf 89' lang='lat' dir='ltr'>ira</span> <span class='ocrx_word' id='word_1_219' title='bbox 679 2426 806 2473; x_wconf 84' lang='lat' dir='ltr'>facit.</span> <span class='ocrx_word' id='word_1_220' title='bbox 844 2425 998 2472; x_wconf 87' lang='lat' dir='ltr'>Vocat</span> <span class='ocrx_word' id='word_1_221' title='bbox 1018 2424 1200 2485; x_wconf 86' lang='lat' dir='ltr'>agmina</span> <span class='ocrx_word' id='word_1_222' title='bbox 1216 2425 1478 2488; x_wconf 79' lang='lat' dir='ltr'>Tyrrlieus‚</span> 
     </span>
    </p>
   </div>
  </div>
 </body>
</html>
