1586 2704
111 118 204 158 322
451 125 495 156 P.
533 123 779 156 VlssGILH
821 123 1083 156 amnonis

110 235 249 281 Hand
278 236 384 282 tulit
408 236 579 281 AEneas
607 245 734 282 tanto
761 236 943 282 fervore
968 236 1174 281 furentes
1198 251 1210 281 :

107 300 247 346 Iri-nit
270 302 560 364 adversstqne
586 303 751 363 ingens
776 303 996 364 apparuit
1023 302 1176 348 basi-51.

110 367 197 411 Cui
219 367 385 422 Liger:
1316 375 1411 415 580

107 432 216 477 Non
241 432 484 479 Diomedis
509 451 674 494 equos,
701 450 793 479 non
814 449 997 479 currum
1025 433 1174 477 cernis
1195 433 1409 489 Achillis,

106 501 205 543 Aut
230 498 445 560 Phrygiae
470 515 697 560 campos:
737 515 861 543 nnnc
891 498 997 543 belli
1027 498 1130 543 finis
1155 508 1201 544 et
1231 500 1319 544 aevi

106 563 193 608 His
217 564 410 609 dabitur
434 565 581 609 terris.
651 565 835 609 Vesano
862 563 968 608 talia
995 563 1085 609 late

104 628 249 674 Dicta
275 629 430 675 volant
457 630 637 690 Ligeri;
679 630 757 674 sed
788 645 878 674 non
906 639 950 674 et
976 629 1150 674 Troi'ns
1172 630 1308 675 heros

103 694 245 740 Dicta
275 705 407 755 parat
441 695 634 748 conum
671 695 887 756 jaculum
907 710 1010 739 nam
1031 705 1216 754 torquet
1240 697 1282 740 in
1301 698 1407 742 lios-

102 759 337 820 anagns‚
367 769 413 806 ut
440 776 614 822 pronus
640 761 852 822 pendens
879 760 924 804 in
945 761 1136 806 verbera
1156 761 1248 805 telo
1269 764 1402 825 [tem.

100 827 363 872 Admonuit
391 826 596 888 bijugos,
623 828 839 887 projecto
865 827 973 870 dum
1001 826 1123 888 pede
1151 826 1270 871 laevo

99 895 249 953 Aplat
274 908 321 937 se
347 909 544 953 pugnae;
585 893 714 938 subit
738 908 842 937 oras
870 892 1000 936 hasta
1025 908 1106 952 per
1129 891 1245 937 imas

98 957 344 1017 Fulgentis
363 959 531 1019 clypei,
558 967 652 1004 tnrn
683 960 851 1004 laevum
880 957 1087 1016 perforat
1112 958 1302 1017 inguen.

97 1023 339 1069 Excussus
366 1041 502 1070 curru
532 1024 838 1069 moribundus
866 1024 1072 1069 volvitur
1095 1024 1244 1070 arvis:
1309 1031 1403 1080 590

97 1089 250 1141 Quem
277 1091 380 1151 pius
406 1091 573 1135 AEneas
591 1090 727 1135 dictis
747 1090 918 1141 affatur
940 1090 1138 1135 amaris:

96 1154 304 1217 Lucage,
331 1156 459 1201 nulla
482 1164 591 1202 tuos
617 1172 779 1202 currus
806 1155 917 1216 fug-a
942 1156 1096 1216 segnis
1122 1173 1351 1218 equorum

95 1220 331 1276 Prodidit,
358 1230 438 1267 aut
464 1237 595 1266 vanae
621 1223 804 1268 vertere
829 1238 884 1266 ex
914 1221 1129 1268 hostibus
1153 1223 1364 1269 umbrae:

92 1286 198 1347 Ipse
223 1288 337 1332 rotis
362 1287 527 1333 saliens
547 1287 665 1348 juga
691 1286 887 1333 deseris.
958 1287 1078 1333 Haec
1099 1287 1160 1333 ita
1188 1290 1331 1345 sulm,

90 1353 303 1413 Arripuit
322 1353 525 1414 bijugos.
597 1355 758 1399 Frater
783 1351 1011 1399 tendebat
1035 1353 1235 1400 inermes

89 1418 261 1465 Infelix
287 1419 480 1480 palmas,
507 1435 644 1465 curru
673 1419 890 1481 delapsus
916 1419 1082 1466 eodem
1104 1436 1114 1466 :

89 1484 180 1529 Per
203 1494 264 1541 le,
291 1500 376 1545 per
395 1486 536 1545 quite
555 1486 692 1532 talem
715 1501 917 1547 genuere
938 1494 1172 1546 parenteS,
1193 1487 1394 1549 [cantiS.

87 1550 175 1595 Vir
205 1551 432 1611 Trojane,
459 1552 561 1597 sine
586 1552 703 1597 lianc
729 1552 950 1606 animam,
975 1559 1023 1597 et
1047 1552 1263 1599 miserere
1291 1568 1394 1614 pre-

86 1614 306 1662 Pluribus
331 1616 483 1661 oranti
508 1618 703 1665 AEneas:
743 1617 882 1662 Haud
909 1616 1020 1663 talia
1044 1617 1224 1663 dudum

87 1682 229 1727 Dicta
255 1682 419 1728 dabas.
459 1683 665 1739 Morere,
693 1691 738 1728 et
760 1683 1022 1728 fratremne
1046 1684 1208 1729 desere
1232 1683 1394 1729 frater.

84 1747 206 1794 Tum
234 1748 437 1797 latebras
452 1748 615 1793 animae
632 1757 797 1809 pectus
818 1748 1270 1795 mucronerecludit.
1297 1748 1383 1796 60]

149 1815 287 1860 Talia
311 1829 394 1875 per
417 1829 614 1874 campos
639 1814 809 1860 edebat
838 1814 1000 1860 funera
1025 1814 1198 1861 ductor

83 1880 379 1926 Dardanius:
419 1880 637 1925 torrentis
662 1896 798 1941 aqnae
824 1881 898 1925 vel
923 1880 1122 1926 turbinis
1147 1882 1234 1926 atri

86 1947 221 1993 More
248 1946 428 1994 furens.
485 1945 697 1992 Tandem
724 1955 978 2007 erumpunt
1007 1955 1054 1992 et
1079 1957 1232 1992 castra
1256 1946 1394 1992 relin-

213 2022 365 2075 quunt

81 2080 310 2125 Ascanius
334 2094 453 2140 puer
475 2087 522 2125 et
547 2079 861 2140 nequicquam
889 2079 1078 2124 obsessa
1096 2077 1344 2138 juventus.

148 2146 380 2192 Junonem
406 2145 580 2190 interea
607 2146 861 2206 compellat
885 2146 1073 2205 Jupiter
1101 2146 1254 2190 ultro:

84 2211 128 2256 O
154 2226 374 2271 germana
399 2211 506 2256 mihi
526 2221 668 2272 atque
686 2210 847 2255 eadem
876 2211 1134 2270 gratissima
1165 2210 1342 2271 conjux
1368 2213 1380 2257 ἔ

82 2277 148 2322 Ut
173 2276 354 2332 rebare,
378 2277 536 2322 Venus
561 2281 669 2336 (nec
695 2285 740 2322 te
765 2277 993 2323 sententia
1013 2276 1152 2335 fallit)

81 2342 313 2403 Trojanas
339 2352 572 2388 sustentat
597 2344 744 2404 opes?
789 2359 881 2388 non
903 2342 1057 2387 vivida
1084 2343 1207 2388 bello
1289 2341 1385 2397 609

81 2409 261 2454 Dextra
285 2407 410 2462 viris,
427 2408 703 2468 animusque
724 2408 875 2465 ferox,
895 2409 1173 2470 patiensque
1192 2407 1382 2470 pericli!

84 2474 168 2520 Cui
189 2476 315 2522 Jnno
334 2474 592 2520 submissa:
631 2473 781 2529 Quid,
806 2490 834 2519 ο
854 2474 1170 2535 pulcherrime
1192 2474 1404 2534 conjux„
