1607 2700
47 135 50 138 ,
105 88 203 134 146
448 102 496 135 P,
536 99 781 134 visscimi
823 98 1090 134 MARoNJs

97 221 209 267 Sola
234 218 345 266 mihi
371 219 486 267 tales
512 236 653 266 casus
681 219 949 268 Cassandra
974 212 1216 265 canebat.¹

98 287 243 334 Nunc
269 295 438 349 repeto
465 288 568 334 haec
589 288 745 349 generi
765 285 1050 348 portendere
1068 286 1229 331 debita
1247 291 1426 340 nostro,

97 354 159 400 Et
184 368 312 414 saepe
333 353 633 415 Hesperiam,
673 369 800 416 saepe
825 354 945 398 Itala
967 368 1114 414 regna
1139 367 1327 397 vocare.

99 420 190 466 Sed
213 420 319 482 quis
345 419 405 465 ad
432 420 672 481 Hesperiae
699 427 927 465 venturos
953 419 1114 465 littora
1137 418 1361 463 Teucros

97 486 356 532 Crederet?
383 495 466 533 aut
482 502 624 548 quem
646 494 746 531 tum
762 493 891 532 vates
910 485 1173 531 Cassandra
1185 483 1430 530 moveret?

97 552 338 599 Cedamus
364 554 562 608 Phoebo,
601 558 651 598 et
675 551 842 597 moniti
868 551 1064 597 meliora
1088 566 1361 612 sequamur.

98 619 177 665 Sic
203 621 291 666 ait:
330 630 377 665 et
402 620 559 665 cuncti
585 617 715 663 dicto
737 633 955 679 paremus
980 625 1194 663 ovantes.
1335 623 1429 672 189

97 686 239 731 Hanc
266 703 459 748 quoque
480 685 737 731 deserimus
765 684 946 739 sedem,
976 684 1237 744 paucisque
1253 683 1429 728 relictis

95 752 414 809 veladamus‚
431 760 713 812 vastumque
725 752 841 797 cava
854 753 987 796 trabe
999 751 1231 796 currimus
1245 765 1428 810 aequor.

166 819 427 881 Postquam
444 820 594 865 altum
615 826 808 864 tenuere
835 826 972 873 rates,
1002 833 1089 862 nec
1104 816 1208 878 jam
1225 815 1431 876 amplius

233 885 340 931 ullae
1305 883 1431 944 [tus;

96 957 351 1014 Apparent
377 961 532 1007 terrae,
560 951 736 998 coelum
758 950 986 1013 undique,
1009 959 1057 997 et
1080 948 1291 1010 undique
1313 964 1431 1009 pon-

95 1019 227 1065 Tum
254 1019 364 1065 mihi
389 1019 624 1066 coeruleus
651 1033 792 1079 supra
816 1026 961 1079 caput
987 1017 1137 1063 astitit
1162 1016 1329 1070 imber,

95 1085 309 1133 Noctem
336 1087 652 1148 hyememque
678 1084 852 1139 ferens;
891 1093 936 1131 er
962 1084 1195 1130 inhorruit
1211 1084 1339 1129 unda
1364 1091 1430 1128 te·-

234 1153 411 1199 nebris.

100 1219 344 1266 Continuo
371 1218 497 1265 venti
522 1218 725 1265 volvunt
751 1234 894 1275 mare,
933 1232 1203 1278 magnaque
1230 1226 1428 1278 surgunt

106 1289 350 1350 AEquora;
390 1287 591 1348 dispersi
608 1286 854 1347 jactamur
878 1288 1060 1349 gurgite
1086 1294 1238 1331 vasto·

107 1354 357 1402 Involvere
379 1354 504 1401 diem
526 1353 691 1409 nimbi,
719 1361 768 1400 et
792 1370 886 1399 nox
913 1352 1110 1399 humida
1131 1352 1304 1398 coelum

106 1421 357 1477 Abstulit;
399 1420 690 1483 ingeminant
714 1420 933 1482 abruptis
960 1419 1166 1465 nubibus
1187 1419 1337 1480 ignes.

107 1489 396 1534 Excutimur
412 1505 571 1543 cursu,
599 1497 646 1534 et
672 1487 814 1534 caecis
839 1503 1049 1533 erramus
1076 1486 1123 1530 in
1150 1485 1305 1531 undiS.
1344 1493 1441 1534 200

106 1555 219 1616 Ipse
243 1554 370 1601 diem
398 1565 684 1616 noctemque
710 1562 849 1615 negat
874 1552 1142 1599 discernere
1169 1552 1307 1609 coelo,

106 1622 214 1668 Nec
234 1621 501 1668 meminisse
527 1622 617 1667 viae
640 1621 791 1666 media
811 1619 1059 1665 Palinurus
1087 1619 1130 1663 in
1158 1617 1304 1664 unda.

105 1689 227 1735 Tres
253 1687 375 1734 adeo
401 1690 604 1735 incertos
629 1688 760 1733 caeca
784 1685 982 1748 caligine
1003 1685 1125 1731 soles

107 1756 333 1802 Erramus
362 1756 548 1817 pelago,
577 1754 775 1801 totidem
802 1753 900 1799 sine
923 1751 1074 1798 sidere
1099 1758 1282 1798 noctes.

108 1823 293 1877 Quarto
318 1830 442 1868 terra
467 1823 544 1868 die
570 1821 775 1884 primum
800 1836 848 1865 se
873 1820 1088 1865 attollere
1115 1817 1307 1864 tandem

106 1889 238 1944 Visa,
264 1890 448 1951 aperire
468 1888 641 1951 procul
667 1894 869 1941 montes,
891 1901 949 1931 ac
972 1886 1162 1931 volvere
1187 1883 1388 1930 fumum.

109 1955 228 2002 Vela
251 1957 444 2011 cadunt,
466 1956 602 2002 remis
620 1953 928 2014 insurgimus:
956 1952 1087 1999 haud
1115 1966 1260 2006 mora,
1285 1960 1443 1996 nautae

108 2021 285 2069 Adnixi
312 2030 538 2084 torquent
557 2037 764 2084 spumas,
787 2027 836 2066 et
853 2019 1027 2065 eoerula
1053 2026 1262 2064 verrunt.
1289 2016 1441 2080 [mum

176 2089 423 2135 Servatum
448 2108 505 2135 ex
532 2089 668 2134 undis
694 2085 1020 2148 Strophadum
1051 2101 1123 2131 me
1147 2084 1311 2130 littora
1349 2083 1437 2144 pri-

109 2155 390 2216 Accipiuut.
429 2155 724 2217 Strophades
749 2152 900 2200 Graio
926 2161 1053 2198 stant
1073 2152 1260 2197 nomine
1279 2150 1440 2204 dicta»,

111 2223 290 2268 lnsulae
316 2221 514 2268 Iouioiu
542 2237 715 2283 magno
738 2239 748 2275 ;
791 2236 906 2282 quas
932 2219 1036 2265 dira
1063 2218 1272 2271 Celaeno,
1347 2225 1438 2266 211

111 2289 440 2350 Harpyiaeque
467 2291 632 2335 coluut
657 2288 788 2341 aliae3
830 2286 1025 2332 Phinei-a
1052 2293 1308 2347 postquam

111 2356 286 2401 Clausa
311 2355 500 2411 (lomus,
529 2370 815 2416 mensasque
838 2360 967 2399 metu
996 2352 1177 2412 liquere
1204 2350 1409 2413 priores.

109 2422 316 2467 Tristius
343 2422 470 2468 haud
499 2423 588 2468 illis
609 2431 893 2475 monstrum,
922 2436 1007 2465 uec
1029 2418 1192 2464 saevior
1220 2418 1311 2463 ulla

112 2490 261 2535 Pestis
289 2499 332 2534 et
374 2491 438 2535 ira
470 2490 620 2536 ‘Deum
651 2487 829 2550 Stygiis
857 2504 959 2533 sese
985 2487 1153 2533 extulit
1178 2485 1332 2533 undis.
