1580 2686
99 96 164 144 56
434 108 482 142 P.
521 108 770 142 vaiLn
805 106 1070 142 MARONIS

66 192 70 200 ⁵
93 203 336 249 Tellurem
363 202 516 250 Borea
538 203 737 267 rigidam
766 203 977 266 spirante
1005 202 1196 249 moveri.

94 270 223 315 Rura
247 269 355 330 gelu
380 281 482 316 tum
508 270 693 317 claudit
719 272 902 334 hyems,
951 286 1040 316 nec
1067 271 1241 316 semine
1258 267 1400 330 jacto

93 337 378 382 Concretuni
402 338 582 398 patitur
603 337 816 384 radicem
837 337 1025 398 affigere
1050 346 1201 382 terrm.

91 402 294 463 Optima
318 403 484 450 vinetis
508 404 624 449 satio
648 412 736 460 est,
764 403 876 450 cum
901 419 1009 449 vere
1032 402 1217 449 rubenti

91 468 308 514 Candida
333 470 462 516 venit
485 470 602 526 avis,
636 469 787 530 longis
813 470 964 516 invisa
992 470 1232 522 colubris;
1303 475 1402 516 3‘30

87 533 248 581 Prima
272 536 347 582 vel
372 536 588 582 autumni
613 536 702 582 sub
727 534 919 597 frigora,
957 535 1068 581 cum
1092 535 1287 597 rapidus
1316 536 1400 581 Sol

93 600 321 647 Nondum
348 603 566 664 hyemem
592 602 830 664 contingit
853 601 1006 662 equis,
1025 602 1127 663 jam
1153 601 1366 663 praeterit

92 668 186 714 Ver
204 667 326 729 adef)
346 668 501 714 frondi
519 685 783 725 nemorum,
806 685 887 715 ver
907 669 1017 714 utile
1038 668 1165 714 silvis
1187 669 1398 730 :[aestaS.

93 734 213 780 Vere
239 743 425 781 tument
444 744 598 790 terrae,
625 743 673 782 et
697 735 917 797 genitalia
946 735 1121 780 sentina
1146 743 1376 796 poscunt.

88 800 216 846 Tum
243 808 378 863 pater
402 801 704 863 omnipotens
739 800 972 848 foecundis
996 801 1224 847 imbribus
1237 800 1401 846 AEther

70 866 326 929 Coniugis
351 867 398 913 in
425 868 658 928 gremium
683 868 806 914 laetae
832 867 1102 923 descendit,
1129 875 1175 913 et
1201 883 1366 913 omnes

70 930 298 996 {Magnus
323 935 420 989 alit,
448 951 619 995 magno
645 936 933 981 commixtus
953 950 1168 995 corpore,
1190 933 1350 980 foetus.

87 999 207 1045 Avia
230 1007 332 1046 tum
350 1009 575 1047 resonant
598 1001 766 1047 avibus
791 1001 995 1063 virgulta
1015 1001 1222 1055 canoris,

85 1062 150 1112 Et
174 1068 407 1113 Venerem
435 1068 580 1114 certis
607 1075 831 1130 repetunt.
854 1076 1065 1113 armenta
1090 1068 1276 1113 diebus.
1299 1074 1396 1122 3⁶29

85 1130 299 1180 Parturit
322 1134 471 1180 almus
490 1150 599 1195 ager
618 1152 629 1189 ;
659 1134 961 1197 Zephyrique
980 1135 1254 1196 tepentibus
1274 1133 1399 1179 auris

86 1196 275 1247 Laxant
293 1217 405 1248 arva
422 1201 549 1248 sinus
570 1218 581 1255 3
601 1209 791 1262 superat
812 1210 941 1247 tener
961 1202 1186 1246 omnibus
1201 1201 1371 1246 humor

86 1264 240 1328 Inque
259 1283 408 1313 novos
436 1268 554 1313 soles
579 1268 757 1314 audent
782 1285 828 1313 se
853 1269 1063 1329 germina
1092 1269 1197 1314 tuti)

93 1333 326 1388 Credere3
348 1350 435 1380 nec
457 1335 624 1380 metuit
644 1342 891 1396 surgentes
912 1334 1166 1396 pampinus
1181 1337 1396 1393 Austros,

89 1402 189 1445 Aut
213 1407 375 1446 actum
397 1401 522 1447 coelo
542 1401 723 1462 magnis
749 1400 1071 1463 Aquilonibus
1091 1400 1324 1446 imbrem:

90 1465 188 1512 Sed
215 1466 364 1513 trudit
387 1483 612 1529 gemmas,
635 1474 685 1512 et
705 1467 896 1514 frondes
921 1467 1129 1529 explicat
1147 1483 1327 1513 omnes.

155 1533 264 1579 Non
290 1533 406 1579 alios
430 1533 587 1596 prima
606 1534 862 1579 crescentis
880 1534 1056 1596 origine
1081 1534 1247 1580 mundi

89 1597 307 1645 Illuxisse
331 1599 448 1656 dies,
476 1599 679 1645 aliumve
706 1599 925 1646 habuisse
950 1609 1162 1646 tenorem

89 1665 383 1712 Crediderim
404 1682 415 1712 ε
454 1682 535 1712 ver
553 1666 670 1712 illud
691 1675 805 1723 erat,
827 1682 910 1712 ver
933 1683 1131 1729 magnus
1157 1668 1332 1729 agebat

91 1732 255 1788 Orbis,
282 1743 330 1779 et
353 1732 579 1795 hybernis
599 1735 863 1795 parcebant
887 1733 1082 1779 flatibus
1100 1734 1213 1779 Euri
1232 1751 1242 1786 ;

91 1797 214 1845 Cum
239 1799 408 1861 primae
428 1800 585 1846 lucem
612 1799 818 1861 pecudes
840 1800 1055 1854 hausere,
1081 1800 1330 1862 virumque

90 1864 256 1911 Ferrea
283 1866 534 1928 progenies
553 1866 680 1912 duris
707 1875 853 1927 caput
877 1867 1045 1912 extulit
1068 1867 1205 1922 arvis,
1298 1874 1389 1914 3³11

93 1930 422 1994 Immissaeque
442 1930 560 1978 ferae
587 1933 731 1989 silvis,
756 1942 805 1979 et
819 1933 976 1979 sidera
994 1933 1132 1979 coelo,

89 1996 195 2044 Nec
219 2016 296 2045 res
317 2000 441 2045 hunc
463 2007 638 2045 tenerae
657 2009 856 2062 possent
880 1999 1087 2062 perferre
1112 1999 1343 2056 laborem,

89 2063 141 2108 Si
166 2081 258 2111 non
284 2073 416 2112 tanta
441 2065 579 2128 quies
603 2065 707 2122 iret,
732 2065 978 2129 frigusque
1002 2066 1310 2128 caloremque

88 2128 240 2187 Inter,
267 2140 315 2178 et
339 2132 586 2195 exciperet
617 2132 724 2179 coeli
748 2132 1041 2194 indulgentia
1063 2140 1229 2178 terras.

156 2197 304 2251 Quod
332 2208 566 2261 superest,
606 2215 926 2263 quaecumque
973 2214 1159 2261 premes
1194 2200 1397 2261 virgulta

215 2282 302 2327 per
317 2280 471 2325 agros,

87 2328 268 2391 Sparge
285 2329 400 2376 fimo
418 2331 599 2393 pingui,
625 2344 673 2378 et
688 2331 837 2379 multa
858 2348 1039 2379 memor
1053 2331 1223 2378 occule
1239 2333 1397 2389 terrssu

89 2399 188 2443 Aut
211 2396 421 2459 lapidem
449 2397 685 2454 bibulum,
707 2407 790 2445 aut
809 2398 1080 2462 squalentes
1105 2399 1265 2445 infode
1284 2416 1398 2446 con-

89 2461 220 2509 Inter
235 2464 358 2509 enim
377 2464 597 2511 labentur
617 2465 1398 2530 aquae,tenuisquesubibit[cha5.

90 2528 299 2587 Halitus,
318 2538 462 2592 atque
478 2531 657 2578 animos
679 2532 846 2579 tollent
867 2542 968 2580 sata
988 2549 1209 2596 ;Ja1nque
1227 2535 1399 2596 reperti
