1607 2700
179 82 270 123 134
528 91 574 122 Ρ.
615 90 859 124 vinoun
899 92 1138 125 uAnoms

175 209 410 256 Exarsere
435 208 571 271 ignes
596 209 779 258 animo:
807 210 935 258 subit
959 211 1030 258 ira
1053 209 1304 258 cadentem

175 275 357 322 Ulcisci
382 276 602 337 patriam,
629 286 677 324 et
702 277 960 324 sceleratas
986 293 1172 324 sumere
1196 291 1378 339 poenas.

174 341 369 390 Scilicet
386 342 490 390 haec
511 345 731 406 Spartam
752 343 1001 390 incolumis
1020 344 1293 406 patriasque
1311 343 1478 404 Myce-

171 409 407 472 Aspiciet‚
441 421 674 473 partoque
701 410 786 456 ibit
810 410 977 472 regina
1000 410 1237 472 triumpho
1263 409 1286 455 2
1372 411 1477 472 [nas

171 475 573 539 Conjugiumque,
587 477 892 538 domumque,
909 483 1085 538 patres,
1101 476 1477 538 natosquevide-

171 541 373 589 Iliadum
394 541 533 589 turba
550 552 597 588 et
608 542 829 604 Phrvcrus
848 543 1074 589 comitata
1091 542 1345 588 ministris?
1371 543 1476 604 [bit,

171 608 416 656 Occiderit
439 609 561 655 ferro
589 608 839 654 Priamus?
867 608 1010 671 Troja
1030 608 1197 655 arserit
1221 608 1349 670 igni?
1381 611 1471 655 581

170 674 469 722 Dardanium
495 674 632 721 toties
660 672 845 720 sudarit
872 675 1103 737 sanguine
1129 675 1289 720 littus?

169 741 281 806 Non
301 743 396 788 ita:
424 757 631 803 namque
657 740 748 787 etsi
773 740 958 786 nullum
982 739 1287 787 memorabile
1306 757 1476 788 nomen

168 806 408 855 Foeminea
427 810 478 856 in
491 806 631 870 poena
651 816 742 864 est,
763 823 849 854 nec
875 807 1018 854 habet
1034 807 1231 854 victoria
1254 806 1475 862 laudem;

167 874 445 921 Extinxisse
470 874 603 921 nefas
631 884 809 930 tamen,
837 883 885 921 et
910 874 1140 920 sumsisse
1166 876 1389 919 merentis

167 940 421 988 Laudabor
445 958 639 1004 poenas;
679 940 981 1003 animumque
1008 939 1227 1003 explesse
1243 939 1433 1001 juvabit

167 1007 359 1054 Ultricis
387 1008 611 1065 flammae,
638 1016 685 1054 et
710 1007 890 1054 cineres
919 1005 1121 1054 satiasse
1145 1022 1378 1053 meorum.

231 1073 645 1136 Taliajactabam,
672 1083 719 1121 et
747 1072 921 1121 furiata
947 1084 1104 1119 mente
1129 1071 1341 1119 ferebar:

165 1140 290 1187 Cum
310 1140 422 1187 mihi
445 1157 513 1198 se,
532 1158 625 1187 non
647 1141 757 1187 ante
775 1141 925 1187 oculis
943 1151 1041 1187 tam
1057 1139 1200 1195 clara,
1218 1138 1475 1185 videndam

163 1207 372 1265 Obtulit,
394 1216 442 1254 et
468 1207 588 1270 pura
614 1224 696 1270 per
722 1217 913 1254 noctem
940 1208 986 1253 in
1010 1206 1118 1253 luce
1145 1205 1332 1252 refulsit
1379 1207 1474 1252 590

163 1272 306 1320 Alma
325 1290 516 1337 parens,
542 1275 765 1321 confessa
786 1274 938 1321 Deam
963 1292 975 1330 ;
1009 1273 1263 1335 qualisque
1290 1271 1440 1318 videri

165 1340 408 1387 Coelicolis
434 1350 483 1387 et
502 1350 685 1403 quanta
711 1340 861 1394 solet3
899 1337 1163 1401 dextraque
1188 1338 1473 1401 prehensum

165 1407 433 1464 Continuit‚
456 1423 691 1470 roseoque
716 1407 822 1453 haec
847 1408 1041 1470 insuper
1068 1405 1258 1451 addidit
1284 1420 1388 1451 ore:

163 1473 310 1532 Nate,
337 1474 445 1536 quis
471 1474 728 1521 indomitas
756 1483 916 1521 tantus
945 1472 1081 1520 dolor
1107 1472 1288 1518 excitat
1311 1471 1440 1517 iras?

164 1540 297 1594 Quid
323 1540 469 1587 furis.
455 1541 474 1575 ‘²
502 1549 586 1586 aut
609 1557 815 1603 quonam
839 1540 989 1586 nostri
1015 1538 1099 1585 tibi
1119 1555 1233 1585 cura
1248 1538 1474 1585 recessit?

163 1607 275 1654 Non
302 1608 432 1669 prius
461 1607 683 1669 aspicies,
701 1607 782 1653 ubi
809 1607 989 1652 fessum
1014 1614 1156 1651 aetate
1179 1613 1426 1667 parentem

163 1673 379 1736 Liqueris
400 1673 677 1720 Anchisen?
713 1681 906 1736 superet
929 1672 1165 1734 conjuxne
1193 1672 1390 1727 Creusa,

163 1740 498 1802 Ascaniusque
522 1740 672 1803 puer?
708 1755 829 1802 quos
868 1754 1031 1785 omnes
1068 1737 1278 1800 undique
1315 1736 1472 1783 Graiae

163 1806 359 1853 Circum
383 1816 543 1853 errant
569 1807 694 1853 acies
715 1822 728 1860 ;
766 1815 815 1853 et
836 1804 884 1851 ni
909 1821 1015 1852 mea
1039 1820 1155 1851 cura
1178 1803 1385 1859 resistat,

163 1873 275 1920 Jam
300 1873 506 1919 flammae
532 1873 746 1928 tulerint,
780 1872 998 1919 inimicus
1025 1879 1074 1918 et
1095 1870 1309 1917 hauserit
1328 1869 1471 1916 ensis.

165 1939 276 1986 Non
302 1939 388 1986 tibi
413 1939 701 2004 Tyndaridis
721 1938 904 1986 facies
893 1938 1046 1985 mvisa
1071 1938 1305 1993 Lacaenae,
1375 1937 1466 1982 601

165 2005 462 2070 Culpatusve
482 2006 650 2054 Paris:
687 2006 864 2053 Divum
888 2004 1208 2059 inclementia,
1231 2003 1424 2061 Divum,

165 2072 270 2120 Has
291 2073 460 2121 evertit
484 2089 617 2136 opes,
646 2072 907 2135 sternitque
933 2087 961 2118 a
985 2071 1191 2118 culmine
1211 2070 1414 2132 Trojam.

168 2139 370 2202 Aspice;
407 2156 612 2202 namque
637 2155 843 2196 omnem,
878 2155 985 2202 quae
1010 2153 1134 2184 nunc
1155 2136 1364 2184 obducta
1400 2146 1471 2182 tu-

166 2202 404 2253 Mortales
420 2207 614 2253 hebetat
625 2206 754 2253 visus
768 2206 869 2261 tibi,
887 2203 1142 2252 ethumida
1153 2203 1328 2250 circum
1353 2202 1469 2266 [enti

167 2273 378 2334 Caligat‚
407 2274 582 2319 nubem
608 2273 801 2336 eripiam
822 2290 833 2320 :
871 2280 923 2318 tu
949 2288 1008 2319 ne
1031 2286 1129 2333 qua
1150 2269 1360 2332 parentis

165 2341 195 2388 J
202 2355 316 2386 ussa
334 2340 464 2393 time,
490 2356 582 2386 neu
602 2339 853 2402 praeceptis
879 2354 1043 2402 parere
1068 2352 1252 2383 recusa.

168 2407 263 2454 Hic
290 2407 370 2453 ubi
391 2405 617 2469 disjectas
643 2406 811 2463 moles,
834 2405 1095 2468 avulsaque
1121 2402 1250 2449 saxis

169 2474 300 2521 Saxa
323 2472 477 2530 videS‚
498 2473 743 2536 mixtoque
763 2471 1024 2519 undantem
1047 2470 1242 2534 pulvere
1262 2469 1468 2521 fumum:

175 2535 422 2605 Neptunus
445 2555 623 2602 murm,
651 2555 920 2604 magnoque
946 2547 1103 2588 emota
1129 2536 1320 2585 tridenti
1374 2537 1469 2582 610
