1586 2704
488 131 748 164 AENEtnos
795 131 896 162 Lm.
932 132 984 164 x.
1293 127 1384 172 317

88 245 321 306 Dispersa
343 243 552 289 immittit
575 243 700 289 silvis
720 244 937 290 incendia
963 254 1123 305 pastor
1143 263 1154 299 ;

89 311 330 373 Correptis
352 308 510 355 subito
535 311 721 363 mediis,
745 311 1012 355 extenditur
1035 311 1127 356 una

88 377 290 422 Horrida
308 390 392 437 per
414 374 538 421 latos
561 375 686 421 acies
716 376 939 421 Vulcania
964 392 1188 437 campos;

86 441 171 488 Ille
197 440 367 488 sedens
391 441 545 486 victor
568 440 778 487 flammas
801 442 1050 503 despectat
1071 452 1279 488 ovantes.

87 507 199 554 Non
226 507 362 553 aliter
378 506 561 552 socium
587 507 732 553 virtus
753 509 847 553 coit
871 508 1020 553 omnis
1038 509 1082 552 in
1113 525 1270 564 unum,
1290 509 1387 556 410

86 573 255 635 Teque
272 571 431 631 juvat,
460 573 603 619 Palla.
672 574 765 620 Sed
795 573 928 619 bellis
953 590 1061 620 acer
1086 574 1288 619 Halesus

86 638 269 685 Tendit
292 637 338 682 in
363 638 604 694 adversos,
629 656 771 701 seque
798 641 840 684 in
868 656 953 684 sua
972 640 1151 700 colligit
1175 655 1318 684 arma.

88 704 182 750 Hic
199 708 374 749 mactat
387 704 599 758 Ladona,
613 706 924 766 Pheretaque,
939 705 1384 767 Demodocumque:

87 768 358 832 Strymonio
382 771 593 816 dextram
617 771 813 832 fulgenti
839 771 999 831 diripit
1025 788 1152 828 ense,

86 835 267 882 Elatam
292 834 336 880 in
353 836 607 897 jugulum:
645 853 758 882 saxo
778 836 884 882 serit
901 853 982 881 ora
1006 837 1256 892 Thoantis,

87 902 309 963 Ossaque
329 901 558 963 dispergit
583 903 779 948 cerebro
805 901 1038 964 permixta
1062 912 1278 949 cruento,

89 967 204 1014 Fata
230 983 401 1015 canens
427 968 554 1014 silvis
577 970 760 1029 genitor
785 969 960 1014 celarat
986 968 1233 1023 Halesum3

86 1033 155 1079 Ut
178 1035 331 1080 senior
353 1034 449 1080 leto
474 1035 691 1079 canentia
712 1035 883 1079 lumina
909 1033 1045 1078 solvit
1066 1051 1077 1087 ;

86 1098 300 1159 Injecere
326 1115 514 1145 manum
538 1100 720 1155 Parcae,
745 1100 948 1160 telisque
974 1100 1217 1146 sacr-arunt

86 1165 323 1213 Evandri:
351 1182 487 1227 quem
505 1165 572 1211 sic
597 1165 750 1212 Pallas
764 1167 880 1227 petit
900 1166 1007 1211 ante
1025 1175 1265 1227 precatus:
1295 1174 1390 1216 420

86 1231 163 1276 Da
183 1247 328 1288 nunc,
351 1230 505 1294 Tybri
529 1242 680 1293 pater,
706 1231 851 1286 serre,
876 1231 1002 1292 quod
1032 1232 1208 1277 missile
1233 1232 1368 1290 libro,

86 1297 342 1344 Fortunam
365 1308 509 1358 atque
535 1297 656 1343 viam
678 1298 782 1343 duri
809 1314 893 1358 per
917 1305 1086 1358 pectus
1112 1298 1290 1344 Halesi.

87 1363 206 1409 Haec
231 1379 359 1409 arma
383 1363 668 1423 exuviasque
694 1363 778 1408 viri
805 1372 886 1408 tua
912 1379 1117 1423 quercus
1144 1364 1356 1413 habebit.

87 1429 252 1475 Audiit
282 1428 364 1473 illa
385 1429 545 1476 Deus:
583 1430 694 1475 dum
723 1430 838 1475 texit
865 1430 1057 1474 Imaona
1083 1429 1302 1486 Halesus,

85 1493 298 1540 Arcadio
313 1494 479 1540 infelix
505 1496 602 1540 telo
627 1496 711 1540 dat
731 1503 898 1556 pectus
923 1495 1170 1541 inermum.

151 1562 222 1606 At
245 1575 336 1606 non
362 1561 493 1607 caede
519 1561 602 1606 viri
635 1562 763 1606 tanta
790 1561 1035 1621 perterrita
1061 1562 1259 1616 Lausus,

83 1629 203 1676 Pars
226 1629 387 1687 ingens
413 1625 539 1683 belli,
562 1627 671 1672 sinit
706 1627 911 1688 agmina.
938 1626 1123 1672 Primus
1150 1628 1387 1675 Abantem

83 1691 378 1755 Oppositum
403 1692 641 1747 interimit,
680 1708 852 1753 pugnae
888 1694 1161 1754 nodumque
1188 1710 1390 1740 moram-

88 1757 316 1805 Sternitur
328 1759 544 1804 Arcadiae
558 1759 729 1819 proles,
746 1767 1017 1804 sternuntur
1031 1760 1212 1805 Etrusci
1229 1776 1239 1812 ;
1254 1763 1387 1823 [que.

83 1825 146 1870 Et
169 1840 267 1880 vos,
294 1840 322 1869 o
347 1824 505 1870 Graiis
529 1825 778 1886 imperdita
805 1841 1022 1885 corpora,
1049 1826 1234 1872 Teucri.
1295 1834 1392 1874 430

83 1890 283 1948 Agmina
301 1901 606 1945 concurrunt,
625 1891 927 1950 ducibusque
943 1899 985 1935 et
1005 1890 1181 1937 viribus
1208 1894 1387 1954 aequis:

85 1955 295 2002 Extremi
319 1955 584 2002 addensent
611 1957 765 2010 acies;
803 1972 889 2001 nec
918 1956 1057 2001 turba
1085 1960 1259 2003 moveri

93 2020 202 2068 Tela
229 2038 486 2084 manusque
510 2022 633 2068 sinit.
659 2022 780 2067 Hinc
806 2022 958 2067 Pallas
986 2023 1132 2069 instat
1157 2032 1201 2068 et
1230 2031 1390 2085 tugen

88 2087 206 2134 Hinc
231 2086 396 2134 contra
422 2089 631 2139 Lausus:
657 2105 745 2134 nec
764 2088 962 2134 multum
984 2089 1224 2150 discrepat
1251 2100 1389 2145 aetas;

85 2153 273 2215 Egregii
299 2153 476 2206 forma:
516 2155 594 2200 sed
624 2154 757 2216 queis
784 2154 973 2200 fortuna
1001 2157 1197 2216 negarat

87 2218 147 2265 In
167 2219 369 2282 patriam
393 2220 587 2266 reditus.
661 2222 795 2282 ipsos
821 2237 1102 2267 concurrere
1128 2238 1294 2283 passus

87 2285 226 2331 Haud
254 2293 410 2332 tamen
436 2287 553 2333 inter
577 2303 625 2332 se
652 2286 808 2348 magni
833 2296 1055 2347 regnator
1079 2288 1269 2349 Olympi
1293 2305 1303 2334 :

87 2351 205 2397 Mox
234 2351 340 2397 illos
365 2368 446 2398 sua
470 2352 568 2399 fata
593 2363 779 2398 manent
805 2354 984 2413 majore
1011 2354 1100 2399 sub
1129 2355 1280 2401 liostc.

153 2418 334 2463 Interea
360 2434 493 2464 soror
515 2420 640 2464 alma
667 2428 825 2465 monet
850 2436 1122 2467 succurrere
1150 2422 1304 2466 Lauso

87 2482 325 2539 Turnum,
351 2484 430 2546 qui
458 2485 632 2532 volucri
655 2502 794 2532 curru
819 2487 1024 2534 medium
1052 2495 1183 2532 secat
1207 2501 1390 2548 agmen,
