1586 2704
87 93 185 151 376
417 109 464 141 P.
502 107 749 142 VIRGILII
790 108 1050 144 MARoms

88 221 200 272 Huc
225 230 370 283 atque
395 221 490 268 huc
514 221 638 269 acies
662 222 982 277 circumtulit,
1020 222 1193 285 aspicit
1226 224 1391 272 urbem

87 288 348 334 [inmunem
374 289 495 335 tanti
517 289 642 345 belli,
667 298 812 352 atque
838 289 1030 365 impune
1056 290 1282 352 quietam.

87 354 328 401 Continuo
355 371 531 417 pugnae
555 357 775 403 accendit
802 356 994 415 majoris
1020 357 1194 417 imavo.
1298 356 1394 406 560

87 422 361 476 Mnesthea,
383 423 752 485 Sergestumque
772 431 930 479 vocat,
953 422 1218 486 fortemque
1238 425 1395 471 Seres-

219 495 339 542 tum,

88 554 345 612 Ductores,
360 557 691 619 tumulumque
708 554 855 619 capit,
870 555 967 617 qu«)
984 564 1142 603 cetera
1152 558 1394 605 Teucrum

74 621 346 668 „Concurrit
367 623 509 684 legio,
536 639 625 670 nec
650 631 787 669 scuta
813 631 897 669 aut
920 623 1107 686 spicula
1132 623 1267 670 densi

87 687 367 750 Deponunt.
415 661 582 736 ξὈΕΙΞΟ
611 689 791 736 medius
817 697 944 735 stans
968 705 1138 751 aggere
1163 690 1314 736 fatur:

75 753 168 808 ⁴Ne
195 772 290 816 qua
317 755 428 802 meis
454 766 556 804 esto
581 756 722 802 dictis
746 772 907 809 mora;
946 756 1136 818 Jupiter
1155 757 1247 803 hac
1267 764 1383 804 stat:

91 821 198 866 Neu
222 823 325 884 quis
350 823 414 868 ob
439 822 680 885 inceptum
707 823 919 870 subitum
946 823 1063 869 mihi
1089 823 1276 886 segnior
1299 823 1383 870 ito.

88 887 271 934 Urbem
300 890 456 945 hodie,
484 906 678 937 cansam
703 890 828 946 belli,
857 905 1004 952 regna
1028 892 1133 952 ipsa
1159 890 1334 947 Latini,

88 953 156 1000 Ni
179 955 380 1002 fraenum
407 957 633 1020 accipere
657 967 707 1004 et
733 957 842 1003 victi
868 972 1034 1018 parere
1058 957 1282 1014 fatentur,

89 1021 283 1079 Eruam,
311 1033 356 1069 et
381 1040 520 1086 aequa
545 1023 644 1070 solo
669 1023 901 1069 fumantia
927 1024 1133 1070 culmina
1159 1040 1356 1088 ponam.

91 1087 288 1136 Scilicet
312 1098 581 1153 expectem,
603 1091 754 1137 libeat
778 1090 891 1136 (lum
917 1091 1079 1153 praelia
1101 1091 1269 1137 Turno
1307 1095 1402 1144 570

91 1154 269 1203 Nostra
293 1158 426 1220 pati?
460 1173 718 1218 rursusque
743 1157 853 1203 velit
880 1173 1162 1204 concurrere
1189 1156 1379 1204 victus?

91 1220 201 1268 Hoc
228 1232 392 1286 caput,
420 1240 448 1270 ο
476 1225 618 1280 cives,
649 1225 749 1269 haec
777 1224 884 1269 belli
913 1241 1099 1271 summa
1122 1224 1335 1271 nefandi.

91 1287 229 1336 Ferte
248 1284 378 1337 faces
398 1292 621 1353 propere,
643 1289 899 1352 foedusque
918 1292 1157 1353 reposcite
1182 1290 1402 1337 fiammis.

158 1355 380 1411 Dixerat:
403 1367 546 1420 atque
563 1358 731 1403 animis
743 1357 919 1420 pariter
932 1358 1227 1404 certantibus
1241 1374 1405 1404 ornnes

87 1422 224 1468 Dant
243 1440 466 1479 cuneum,
489 1424 734 1485 densaque
761 1424 818 1470 ad
847 1441 1009 1470 muros
1029 1425 1153 1472 mole
1174 1425 1404 1472 feruntur.

93 1489 248 1536 Scalae
273 1491 547 1555 improviso,
576 1492 860 1553 subitusque
886 1492 1110 1554 apparuit
1131 1492 1270 1555 ignis.

93 1555 383 1604 Discurrunt
406 1558 482 1603 alii
507 1557 566 1603 ad
594 1568 775 1620 portas,
803 1558 1078 1621 primosque
1105 1559 1381 1612 trucidant;

93 1622 289 1670 Ferrum
315 1624 397 1671 alii
420 1632 664 1686 torquent,
690 1632 737 1669 et
761 1624 1052 1671 obumbrant
1077 1627 1255 1672 aethera
1279 1624 1404 1672 telis.

93 1689 203 1750 Ipse
230 1690 350 1737 inter
373 1691 553 1753 primos
577 1689 791 1736 dextram
819 1691 908 1737 sub
935 1691 1104 1738 moenia
1130 1691 1287 1738 tendit

92 1757 281 1813 AEneas,
309 1759 578 1820 magnaque
604 1757 791 1804 incusat
815 1774 934 1805 voce
960 1758 1214 1813 Latinum;
1308 1764 1405 1806 580

89 1823 418 1885 ,Testaturque
446 1825 594 1880 De05‚
622 1825 791 1870 iterum
818 1841 868 1871 se
893 1823 952 1870 ad
981 1825 1147 1887 praelia
1171 1825 1276 1888 cogi
1299 1844 1311 1879 ;

94 1891 179 1937 Bis
197 1889 300 1952 jam
329 1892 476 1938 Italos
504 1892 686 1946 hosteS,
714 1891 818 1938 haec
844 1891 993 1938 altera
1018 1891 1198 1939 foedera
1223 1891 1394 1953 rumpi.

94 1957 317 2004 Exoritur
340 1958 552 2021 trepidos
578 1958 700 2004 inter
725 1957 966 2004 discordia
992 1958 1147 2005 cives:

99 2024 275 2070 Urbem
300 2025 379 2071 alii
406 2041 611 2072 reserare
629 2025 823 2087 jubent,
849 2033 897 2072 et
920 2027 1128 2086 paudere
1154 2032 1316 2087 portas

95 2090 402 2149 Dardanidis,
424 2092 682 2154 ipsumque
707 2091 902 2138 trahunt
926 2094 970 2138 in
998 2091 1173 2138 moenia
1198 2107 1383 2152 regem:

95 2159 241 2203 Arina
264 2158 424 2205 ferunt
447 2159 542 2214 alii,
569 2167 618 2205 et
640 2167 845 2221 pergunt
869 2158 1125 2206 defendere
1151 2174 1325 2204 muros.

98 2223 313 2270 Inclusas
339 2234 391 2271 ut
417 2225 526 2271 curn
553 2226 793 2273 latebroso
820 2226 864 2271 in
893 2226 1077 2286 pumice
1103 2233 1264 2287 pastor

93 2291 365 2352 ,Vestigavit
389 2308 517 2353 apeS,
544 2293 775 2354 fumoque
799 2292 1012 2355 implevit
1035 2307 1196 2338 amaro
1216 2308 1230 2346 ;

92 2356 202 2410 Jllae
226 2357 350 2404 intus
377 2358 576 2420 trepidae
601 2375 756 2405 rerum
784 2374 869 2421 per
893 2373 1031 2405 cerea
1054 2367 1213 2405 castra
1315 2363 1411 2413 589

99 2423 406 2481 Discurrunt,
432 2425 708 2488 magnisque
734 2434 915 2472 acuunt
939 2424 1222 2471 stridoribus
1245 2423 1360 2477 iras:

100 2491 321 2537 Volvitur
345 2502 446 2538 ater
467 2492 590 2538 odor
613 2491 771 2548 tectiS‚
800 2500 900 2538 tum
927 2507 1168 2537 murmure
1193 2507 1326 2538 caeco

103 2557 241 2605 Intus
267 2574 380 2605 saxa
406 2568 602 2613 sonant;
639 2574 814 2605 vacuas
838 2559 875 2605 it
896 2557 1055 2605 fumus
1081 2557 1142 2604 ad
1167 2573 1323 2604 auras.
