1586 2704
559 99 818 134 AENEtDos
858 100 966 132 Ltss.
1006 100 1080 132 xl.
1361 93 1454 134 355

165 216 500 276 AEternunique
525 214 641 261 vale.
692 214 816 265 VNec
844 213 975 273 plura
1000 213 1182 271 effatus,
1207 213 1264 260 ad
1291 215 1411 261 altos

159 284 414 329 Tendebat
439 296 610 335 muros,
646 294 952 341 gressumque
977 279 1020 324 in
1050 290 1203 326 castra
1231 280 1430 328 ferebat.

223 349 425 409 Jamque
452 356 663 393 oratores
690 346 885 392 aderaut
910 362 967 391 ex
995 346 1108 391 urbe
1136 347 1322 404 Latina,
1366 355 1456 396 100

161 415 311 461 Velati
336 412 475 459 ramis
499 414 632 467 oleae,
659 412 940 472 veniamque
967 421 1213 471 rogantes:

159 483 387 541 Corpora,
414 495 499 541 per
525 494 723 539 campos
749 477 871 524 ferro
896 494 1003 539 quae
1029 477 1135 523 fusa
1151 479 1404 538 jacebant,

158 546 414 601 Redderet,
440 561 495 590 ac
523 544 706 590 tumulo
735 543 906 590 sineret
933 544 1189 604 succedere
1222 554 1389 593 terrae:

156 611 346 658 Nullum
372 627 481 657 cum
505 610 640 656 victis
667 618 901 656 certamen
926 618 974 656 et
999 610 1172 656 aethere
1198 612 1340 658 cassis
1363 633 1376 670 ς

156 678 379 724 Parceret
404 677 670 738 hospitibus
697 675 940 738 quondam
967 676 1238 738 socerisque
1259 681 1455 729 vocatis.

157 744 293 797 Quos
322 743 473 789 bonus
497 744 679 799 AEneas,
706 743 830 788 haud
858 742 1156 804 aspernanda
1178 756 1443 807 precantes,

157 807 469 871 Prosequitur
495 809 645 864 venia,
673 817 719 855 et
745 808 897 854 verbis
924 809 1026 854 liaec
1051 809 1245 870 insuper
1269 813 1438 862 addit:

157 876 390 929 Quaenam
416 892 495 921 vos
519 884 650 921 tauto
677 876 881 921 Fortuna
903 875 1111 935 indigna,
1139 876 1311 936 Latini,

156 942 395 1004 Implicuit
426 942 565 996 bello,
592 941 673 1003 qui
699 957 785 986 nos
812 940 998 998 fugiatis
1022 941 1233 988 amicos?

155 1007 324 1054 Pacem
356 1025 426 1053 nie
451 1009 679 1054 exanimis
702 1015 747 1052 et
773 1007 939 1051 Martis
965 1016 1086 1052 sorte
1112 1010 1335 1068 peremtis
1365 1019 1456 1059 110

157 1073 357 1120 Oratis?
394 1074 613 1134 equidem
640 1081 688 1119 et
714 1072 831 1118 vivis
857 1072 1123 1119 concedere
1150 1076 1334 1123 vellem.

155 1140 257 1186 Nec
285 1141 403 1196 veui,
432 1141 518 1186 nisi
545 1139 643 1185 fata.
667 1140 823 1184 locum
851 1137 1107 1200 sedemque
1134 1138 1408 1198 dedissent:

153 1205 257 1252 Nec
277 1206 447 1252 bellum
471 1221 579 1252 cum
598 1214 737 1267 gente
760 1220 900 1264 gero·
979 1205 1079 1250 Rex
1102 1211 1461 1272 nostrareliquit

155 1271 393 1335 Hosphiu,
419 1281 464 1317 et
489 1272 644 1317 Turni
667 1269 827 1333 potius
853 1287 901 1315 se
928 1270 1132 1317 credidit
1156 1275 1311 1320 armis:

154 1338 354 1400 AEquius
380 1339 490 1384 huic
515 1338 732 1383 Turnum
760 1335 914 1382 fuerat
939 1353 988 1382 se
1014 1353 1250 1399 opponere
1277 1343 1434 1389 morti.

154 1405 203 1450 Si
232 1405 404 1451 bellum
432 1404 563 1450 finire
590 1419 745 1459 manu,
772 1401 808 1447 si
835 1403 1004 1464 pellere
1029 1403 1241 1451 Teucros

154 1475 402 1533 Apparat:
442 1470 512 1516 his
539 1485 721 1515 mecum
759 1466 922 1515 decuit
947 1485 1227 1517 concurrere
1252 1473 1388 1520 telis:

155 1539 309 1593 Vixet,
334 1538 410 1582 cui
436 1537 579 1582 vitam
611 1536 738 1581 Deus
765 1544 844 1580 aut
869 1551 953 1581 sua
980 1536 1146 1582 dextra
1173 1538 1400 1586 dedisset.

155 1603 298 1649 Nunc
326 1603 404 1659 ite,
432 1611 480 1648 et
507 1601 680 1647 miseris
708 1602 964 1662 supponite
991 1603 1178 1649 civibus
1201 1604 1377 1665 ignem.

220 1671 415 1714 Dixerat
440 1670 605 1714 AEneas
627 1682 638 1713 :
676 1667 756 1712 olli
782 1667 1074 1729 obstupuere
1099 1669 1310 1727 silentes,
1365 1679 1456 1721 120

153 1735 474 1795 Conversique
500 1734 666 1781 oculos
689 1734 811 1779 inter
834 1750 884 1780 se
908 1742 1053 1794 atque
1079 1752 1159 1781 ora
1186 1739 1426 1785 tenebant.

152 1801 279 1848 Tum
308 1802 479 1856 senior,
505 1815 783 1861 semperque
809 1799 926 1845 odiis
949 1809 995 1846 et
1013 1802 1202 1848 crimine
1230 1805 1444 1851 Drances

154 1867 550 1928 {ufensusjuveni
572 1866 753 1920 Turno,
781 1865 846 1910 sic
873 1882 951 1911 ore
979 1866 1172 1912 vicissim

156 1935 275 1981 Orsa
296 1933 462 1979 refert:
500 1933 544 1979 O
570 1932 696 1977 fama
725 1932 904 1992 ingens,
931 1932 1165 1994 ingentior
1190 1937 1350 1994 armis,

156 2001 237 2047 Vir
259 2000 486 2061 Trojane,
515 1999 686 2060 quibus
713 1997 834 2043 coelo
861 2006 906 2043 te
933 1999 1149 2045 laudibus
1174 2002 1396 2065 aequem‘l

160 2067 421 2113 Iustitiaene
450 2064 578 2126 prius
605 2065 760 2118 mirer,
787 2063 953 2110 belline
980 2066 1236 2114 laborum?

156 2133 256 2178 Nos
285 2132 396 2179 vero
419 2134 519 2178 liaec
542 2130 737 2193 patriam
759 2131 881 2192 grati
905 2130 1161 2180 referemus
1181 2134 1238 2180 ad
1263 2136 1455 2188 urbem;

158 2199 218 2244 Et
242 2208 304 2254 te,
330 2199 364 2244 si
391 2215 487 2260 qua
514 2199 631 2242 viam
660 2196 843 2242 dederit
867 2196 1073 2251 fortuna,
1100 2200 1265 2246 Latino

155 2264 412 2325 Juugemus
439 2264 563 2321 regi:
604 2272 782 2324 quaerat
807 2263 897 2308 sibi
923 2263 1100 2311 foedera
1119 2267 1327 2314 Turnus.

159 2331 286 2384 Quin
312 2339 357 2376 et
384 2330 548 2376 fatales
576 2345 813 2375 murorum
840 2330 1055 2376 attollere
1082 2333 1245 2390 moles,
1370 2339 1461 2382 130

159 2396 377 2457 Saxaque
402 2399 683 2442 subvectare
710 2396 913 2442 humeris
940 2397 1153 2457 Trojana
1172 2400 1376 2460 juvabit.

161 2463 358 2510 Dixerat
374 2463 501 2518 liaec;
529 2463 1063 2524 unoqueomneseadem
1086 2482 1164 2513 ore
1185 2465 1460 2514 fremebant.
