1546 2686
115 66 197 109 108
440 75 482 107 P.
522 73 772 109 v1RG1L11
814 71 1078 107 MARoms

104 192 273 246 Qualis
297 207 411 254 apes
437 200 600 239 aestate
626 193 748 240 nova
774 209 859 256 per
882 191 1029 239 florea
1051 209 1154 239 rura
1315 199 1411 242 430

107 260 303 305 Exercet
331 259 419 305 sub
442 259 539 304 sole
562 261 714 314 labor,
742 262 849 306 cum
877 260 1028 321 gentis
1053 260 1244 306 adultos

104 324 330 371 Educunt
354 327 512 381 foetus,
539 336 620 371 aut
643 326 750 372 cum
774 326 1001 387 liquentia
1029 327 1166 372 mella

103 392 306 453 Stipant,
331 401 380 437 et
405 391 536 438 dulci
558 393 837 438 distendunt
863 402 1048 438 nectare
1070 394 1212 439 cellas
1233 410 1243 446 ;

101 459 200 504 Aut
225 474 368 504 onera
393 458 639 520 accipiunt
657 458 944 513 venientum,
963 469 1046 504 aut
1068 463 1250 521 agmine
1274 459 1402 507 facto

101 523 329 584 Ignavum
356 524 492 571 fucos
513 541 663 587 pecus
689 541 714 570 a
735 525 1030 586 praesepibus
1051 535 1228 572 arcent.

103 591 265 637 Fervet
287 607 424 653 opus,
447 591 766 652 redolentque
787 594 948 652 thyino
975 591 1223 650 sragrmda
1251 592 1407 638 mella.

101 657 146 703 O
168 657 410 713 fortunati,
435 673 635 719 quorum
648 657 751 717 jam
777 658 947 702 moenia
968 668 1196 717 surgunt.
1187 659 1195 691 Ι

101 725 268 770 AEneas
287 724 366 782 ait,
392 731 440 769 et
464 724 653 785 fastigia
677 723 876 785 suspicit
902 722 1045 769 urbis.

102 788 249 835 Infert
269 806 317 835 se
338 798 501 852 septus
523 790 713 846 nebula,
730 788 941 835 mirabile
962 789 1112 843 dictu,
1315 796 1410 844 439

105 856 195 902 Per
214 856 414 912 mediOS,
441 857 708 917 miscetque
737 855 871 909 viris;
902 871 1055 917 neque
1073 854 1282 902 cernitur
1308 857 1408 902 uni.

169 922 328 969 Lucus
369 922 416 968 in
444 924 557 970 urbe
588 923 678 969 fuit
703 923 875 976 inedia,
904 922 1176 969 laetissimus
1205 923 1408 971 umbra:

99 989 211 1043 Quo
237 988 440 1050 primum
456 989 633 1050 jactati
652 990 787 1035 undis
809 996 854 1033 et
875 989 1061 1034 turbine
1081 989 1211 1034 Poeni

101 1052 325 1102 Effudere
351 1058 456 1102 loco
485 1056 688 1117 signum,
717 1055 845 1117 quod
874 1057 1001 1117 regia
1019 1058 1146 1102 Juno

99 1123 411 1178 Monstraiat,
439 1132 587 1185 caput
613 1123 732 1168 acris
758 1123 894 1184 equi:
938 1124 1003 1168 sic
1029 1138 1134 1166 nam
1159 1119 1254 1167 fore
1285 1121 1408 1166 bello

100 1189 367 1250 Egregiam‚
394 1196 441 1234 et
467 1190 655 1235 facilem
680 1190 808 1234 victu
834 1204 920 1251 per
936 1192 1110 1234 saecula
1137 1198 1339 1248 gentem.

101 1255 194 1301 Hic
222 1257 455 1317 templum
480 1256 655 1302 Juuoni
684 1256 838 1316 ingens
864 1256 1058 1301 Sidonia
1083 1256 1213 1299 Dido

99 1320 369 1377 Condebat,
396 1321 535 1368 donis
556 1323 838 1383 opulentum
862 1330 910 1367 et
934 1323 1119 1367 numine
1149 1322 1311 1370 Divae:

97 1388 237 1434 AErea
260 1388 337 1434 cui
363 1387 586 1450 gradibus
613 1389 873 1447 surgebant
900 1389 1073 1442 limina,
1100 1404 1328 1450 nexaeque

95 1455 205 1500 AEre
235 1457 407 1509 trabeS‚
427 1455 609 1500 foribus
634 1456 780 1501 cardo
802 1455 1032 1501 stridebat
1057 1456 1204 1502 aenis.

102 1521 210 1566 Hoc
229 1520 430 1582 primiim
454 1522 498 1567 in
518 1522 627 1567 luco
647 1537 765 1566 nova
792 1538 863 1568 res
879 1522 1040 1567 oblata
1061 1523 1277 1567 timorem
1317 1527 1410 1568 450

101 1588 287 1643 Leniit;
331 1587 409 1633 hic
434 1586 640 1650 primum
667 1589 836 1634 AEneas
863 1604 1051 1649 sperare
1078 1590 1281 1633 salutem

96 1657 274 1710 Ausus,
294 1663 341 1700 et
359 1653 544 1700 afflictis
567 1654 734 1700 melius
760 1655 998 1700 confidere
1023 1659 1176 1700 rebus.

98 1720 337 1783 Namque,
360 1721 450 1766 sub
476 1721 652 1780 ingenti
670 1721 837 1767 lustrat
868 1723 979 1766 dum
1008 1721 1189 1782 singula
1210 1720 1407 1781 templo,

100 1786 329 1849 Reginam
351 1788 636 1849 opperiens;
663 1789 796 1843 dnm,
825 1803 932 1848 quae
958 1787 1147 1833 fortuna
1168 1789 1224 1833 sit
1250 1788 1374 1842 urbi,

97 1853 448 1915 Artificumque
470 1870 635 1899 manus
668 1856 785 1899 inter
805 1871 853 1899 se
879 1869 1177 1915 operumque
1195 1853 1407 1899 laborem

101 1921 319 1975 Miratur,
350 1922 477 1966 sidet
505 1921 670 1965 Iliacas
689 1936 746 1966 ex
767 1919 931 1966 ordine
959 1940 1155 1986 pugnas,

97 1987 330 2050 Bellaque
347 1987 451 2047 jam
474 1987 603 2034 fam-21
625 1998 779 2035 totum
809 1990 996 2050 vulgata
1017 2006 1101 2052 per
1120 1990 1282 2036 orbem
1307 2009 1317 2043 ;

100 2054 311 2110 Atridas,
329 2055 684 2115 Priamumque,
708 2066 754 2101 et
779 2075 953 2104 saevutn
977 2058 1212 2102 ambobus
1242 2057 1406 2102 Achil-

230 2121 339 2166 lem.

99 2186 347 2242 Constitit,
374 2195 423 2233 et
447 2186 710 2247 lacrymans
732 2202 743 2232 ε
805 2186 1037 2246 Quisjam
1066 2187 1211 2241 locus,
1235 2191 1401 2250 inquit,

232 2254 435 2307 Achate,

100 2317 220 2367 Quae
237 2313 372 2375 regio
393 2313 438 2359 in
459 2312 595 2359 terris
616 2311 762 2358 nostri
782 2328 875 2358 non
897 2313 1038 2374 plena
1058 2313 1233 2360 laboris
1252 2315 1273 2359 P
1298 2321 1395 2364 460

101 2380 176 2425 En
203 2378 447 2424 Priamus:
484 2387 593 2423 sunt
619 2377 700 2423 hic
727 2377 870 2423 etiam
905 2393 991 2423 sua
1014 2379 1207 2438 praemia
1231 2380 1391 2434 laudi;

103 2445 224 2491 Sunt
259 2445 483 2506 lacrymae
520 2458 693 2496 rerum,
722 2451 768 2487 et
806 2450 1013 2488 mentem
1051 2445 1268 2492 mortalia
1292 2456 1393 2492 tan-

230 2519 366 2570 gunt.
