1607 2700
96 64 188 106 202
433 72 477 104 Ρ.
516 70 762 106 VIRGILII
805 67 1068 104 MARoms

158 198 224 243 At
244 202 414 241 matres
439 190 593 254 primo
615 190 864 253 ancipites,
893 189 1144 252 oculisque
1164 191 1382 256 malignis

91 263 366 323 Ambiguae,
394 267 607 322 spectare
639 267 779 314 rates,
806 256 1024 303 miserum
1050 257 1170 304 inter
1192 275 1398 307 amorem

90 328 340 375 Praesentis
365 334 500 373 terrae
525 324 735 386 fatisque
760 324 984 369 vocantia
1006 339 1148 384 regna
1169 344 1179 372 :

91 395 213 441 Cum
237 396 337 441 Dea
363 410 410 440 se
434 392 631 455 paribus
657 407 743 453 per
766 390 941 436 coelum
967 390 1155 437 sustulit
1179 392 1277 448 alis,

89 460 429 523 lugentemque
448 459 561 521 fug-51
584 457 739 504 secuit
762 455 851 502 sub
876 455 1084 502 nubibus
1110 474 1293 522 arcum„

89 527 218 573 Tum
233 528 343 574 vero
357 526 574 574 attonitae
587 523 822 579 monstris,
835 530 1052 583 actaeque
1068 523 1243 581 furore,
1303 524 1400 580 659

90 594 419 649 Conclamant,
440 592 729 654 rapiuntque
748 589 1397 653 focispenetralibusignem:

86 660 202 708 Pars
230 661 439 724 spoliant
464 675 587 713 araS‚
621 656 840 703 frondem
861 670 918 702 ac
945 656 1146 716 virgulta
1169 658 1400 721 facesque

89 727 396 788 Conjiciunt:
423 725 568 773 furit
557 723 775 771 lminissis
800 723 1046 768 Vulcanus
1073 722 1266 770 habenis

86 793 133 840 Γ
137 802 316 840 ranstra
335 809 437 856 per,
465 800 512 838 et
535 806 706 847 remos,
735 799 782 836 et
805 789 961 853 pictas
987 788 1143 836 abiete
1168 806 1376 853 puppes,

152 860 361 908 Nuntius
383 859 606 906 Anchisae
620 857 680 904 ad
694 856 928 903 tumulum
943 871 1218 919 cuneosque
1231 857 1400 904 theatri

87 927 309 973 Incensas
334 926 512 989 perfert
527 940 670 971 naves
696 923 948 969 Eumelus:
975 930 1023 969 ct
1047 922 1138 985 ipsi

86 993 362 1055 Respiciunt
387 1001 539 1040 atram
565 993 612 1038 in
633 990 796 1037 nimbo
821 989 1017 1036 volitare
1042 989 1268 1038 favillam.

86 1061 271 1106 Primus
297 1068 344 1107 et
369 1059 620 1113 Ascanius,
643 1073 809 1104 cursus
837 1064 889 1103 ut
912 1056 1050 1102 laetus
1075 1066 1321 1119 equestres

86 1127 330 1183 Ducebat,
356 1127 425 1173 sic
444 1141 555 1173 acer
576 1139 702 1187 equo
721 1125 911 1170 turbata
935 1122 1107 1186 petivit

88 1194 282 1248 Castra;
309 1209 397 1240 nec
421 1192 657 1239 exanimes
674 1198 872 1251 possunt
896 1190 1097 1237 retinere
1122 1190 1344 1251 magistri.

87 1260 206 1315 Quis
249 1259 380 1306 furor
415 1260 504 1306 iste
541 1258 730 1304 novus?
772 1256 869 1319 quo
888 1273 1033 1313 nunc,
1062 1257 1157 1318 quo
1183 1256 1398 1314 tenditis,

219 1327 391 1388 inquit,
1303 1323 1401 1378 670

86 1394 195 1439 Heu
223 1393 403 1440 miserae
427 1391 551 1438 cives
574 1391 584 1438 !
612 1407 708 1437 non
733 1390 919 1437 hostem
938 1389 1227 1450 inimicaque
1243 1400 1403 1437 castra.

87 1460 348 1522 Argivfim;
377 1468 556 1507 vestras
583 1474 692 1520 spes
718 1456 868 1503 uritis.
939 1458 1011 1503 En
1036 1472 1123 1518 ego
1148 1466 1302 1503 vester

85 1527 355 1573 Ascanius!
385 1527 588 1572 Galeam
616 1532 725 1570 ante
751 1522 901 1585 pedes
925 1523 1133 1586 projecit
1157 1523 1362 1581 inanem,

86 1594 196 1647 Qua
223 1592 337 1639 ludo
363 1592 560 1638 indutus
583 1589 695 1637 belli
721 1590 973 1636 simulacra
998 1591 1169 1636 ciebat,

85 1660 343 1707 Accelerat
362 1659 499 1705 simul
523 1658 710 1715 AEneas,
738 1656 877 1703 simul
899 1656 1083 1718 agmina
1107 1656 1348 1703 Teucrum

85 1728 175 1772 Ast
198 1727 288 1774 illae
308 1726 492 1772 diversa
515 1732 645 1770 metu
669 1739 753 1786 per
775 1723 937 1770 littora
960 1723 1137 1784 passim

85 1792 376 1856 Diffugiunt,
405 1792 662 1853 silvasque,
686 1797 736 1837 et
759 1790 912 1837 sicubi
936 1805 1147 1836 concava
1172 1787 1332 1834 furtim

86 1859 211 1907 Saxa
235 1867 403 1923 petunt
425 1875 437 1906 :
465 1858 596 1920 piget
620 1857 816 1920 incepti,
842 1856 1062 1918 lucisque
1084 1875 1095 1912 ;
1141 1871 1349 1917 suosque

87 1926 291 1973 Mutatae
315 1933 612 1987 agnoscunt3
635 1939 934 1986 excussaque
955 1931 1152 1985 pectore
1171 1923 1296 1969 Juno
1309 1934 1401 1968 est.

87 1992 179 2039 Sed
208 2009 301 2039 non
327 1993 506 2039 idcirco
527 1991 731 2038 flammae
756 1999 902 2052 atque
924 1988 1145 2036 incendia
1166 1988 1282 2035 vires
1304 1988 1400 2037 b'SO

87 2057 349 2106 Indomitas
374 2075 611 2122 posuere:
640 2058 737 2104 udo
764 2058 854 2103 sub
878 2057 1048 2103 robore
1074 2055 1192 2101 vivit

89 2126 257 2188 Stupa,
276 2142 474 2190 vomens
496 2124 686 2172 tardum
709 2123 922 2178 fumum;
948 2125 1202 2184 lentusque
1216 2122 1399 2169 carinas

89 2193 178 2238 Est
201 2208 367 2255 vapor,
395 2201 444 2239 et
468 2200 570 2238 toto
595 2190 842 2237 descendit
867 2206 1067 2254 corpore
1092 2188 1266 2252 pestis;

89 2259 196 2305 Nec
220 2259 340 2305 vires
361 2259 576 2313 heroum,
602 2257 853 2319 infusaque
879 2256 1070 2303 flumina
1097 2265 1313 2317 prosunt.

154 2324 282 2371 Tum
301 2325 405 2386 pius
426 2326 596 2370 AEneas
618 2325 821 2370 inumeris
846 2323 1128 2370 abscindere
1154 2330 1350 2378 vestem,

90 2392 375 2454 Auxilioque
396 2407 565 2437 vocare
589 2391 732 2447 Deos,
758 2399 804 2437 et
828 2389 1022 2437 tendere
1047 2389 1229 2452 palmas
1257 2405 1268 2436 ε

92 2458 278 2521 Jupiter
294 2457 608 2520 omnipotens,
627 2457 666 2503 si
687 2457 815 2504 nond
825 2474 901 2504 um
919 2473 1088 2503 exosus
1107 2454 1166 2502 ad
1190 2471 1335 2502 uuum
