<?xml version="1.0" encoding="UTF-8"?>
<!DOCTYPE html PUBLIC "-//W3C//DTD XHTML 1.0 Transitional//EN"
    "http://www.w3.org/TR/xhtml1/DTD/xhtml1-transitional.dtd">
<html xmlns="http://www.w3.org/1999/xhtml" xml:lang="en" lang="en">
 <head>
  <title>
</title>
<meta http-equiv="Content-Type" content="text/html;charset=utf-8" />
  <meta name='ocr-system' content='tesseract 3.04.00' />
  <meta name='ocr-capabilities' content='ocr_page ocr_carea ocr_par ocr_line ocrx_word'/>
</head>
<body>
  <div class='ocr_page' id='page_1' title='image "./operaadfidemopti00virguoft/operaadfidemopti00virguoft_0111.png"; bbox 0 0 1546 2686; ppageno 0'>
   <div class='ocr_carea' id='block_1_1' title="bbox 545 67 1435 115">
    <p class='ocr_par' dir='ltr' id='par_1_1' title="bbox 545 67 1435 115">
     <span class='ocr_line' id='line_1_1' title="bbox 545 67 1435 115; baseline -0.002 -6"><span class='ocrx_word' id='word_1_1' title='bbox 545 72 804 109; x_wconf 70' lang='lat' dir='ltr'>AEnnlnos</span> <span class='ocrx_word' id='word_1_2' title='bbox 843 72 952 106; x_wconf 75' lang='lat' dir='ltr'>Lm.</span> <span class='ocrx_word' id='word_1_3' title='bbox 992 74 1029 107; x_wconf 83' lang='lat'>1.</span> <span class='ocrx_word' id='word_1_4' title='bbox 1347 67 1435 115; x_wconf 83' lang='lat'>107</span> 
     </span>
    </p>
   </div>
   <div class='ocr_carea' id='block_1_2' title="bbox 115 190 1434 2584">
    <p class='ocr_par' dir='ltr' id='par_1_2' title="bbox 115 190 1434 2584">
     <span class='ocr_line' id='line_1_2' title="bbox 124 190 1251 256; baseline -0.003 -15"><span class='ocrx_word' id='word_1_5' title='bbox 124 193 335 242; x_wconf 68' lang='lat' dir='ltr'>AEtherifi</span> <span class='ocrx_word' id='word_1_6' title='bbox 354 208 476 256; x_wconf 93' lang='lat' dir='ltr'>quos</span> <span class='ocrx_word' id='word_1_7' title='bbox 501 192 637 255; x_wconf 86' lang='lat' dir='ltr'>lapsa</span> <span class='ocrx_word' id='word_1_8' title='bbox 654 190 793 253; x_wconf 72' lang='lat' dir='ltr'>plaga</span> <span class='ocrx_word' id='word_1_9' title='bbox 821 191 847 238; x_wconf 83' lang='lat' dir='ltr'>J</span> <span class='ocrx_word' id='word_1_10' title='bbox 852 191 952 237; x_wconf 86' lang='lat' dir='ltr'>ovis</span> <span class='ocrx_word' id='word_1_11' title='bbox 970 191 1065 236; x_wconf 85' lang='lat' dir='ltr'>ales</span> <span class='ocrx_word' id='word_1_12' title='bbox 1086 197 1251 252; x_wconf 88' lang='lat' dir='ltr'>aperto</span> 
     </span>
     <span class='ocr_line' id='line_1_3' title="bbox 123 257 1239 318; baseline -0.004 -11"><span class='ocrx_word' id='word_1_13' title='bbox 123 260 377 308; x_wconf 86' lang='lat' dir='ltr'>Turbabat</span> <span class='ocrx_word' id='word_1_14' title='bbox 401 260 522 306; x_wconf 88' lang='lat' dir='ltr'>coelo</span> <span class='ocrx_word' id='word_1_15' title='bbox 545 274 556 306; x_wconf 90' lang='lat'><strong>:</strong></span> <span class='ocrx_word' id='word_1_16' title='bbox 582 274 709 304; x_wconf 88' lang='lat' dir='ltr'>nunc</span> <span class='ocrx_word' id='word_1_17' title='bbox 735 266 880 303; x_wconf 88' lang='lat' dir='ltr'>terras</span> <span class='ocrx_word' id='word_1_18' title='bbox 906 257 1071 303; x_wconf 88' lang='lat' dir='ltr'>ordine</span> <span class='ocrx_word' id='word_1_19' title='bbox 1094 258 1239 318; x_wconf 87' lang='lat' dir='ltr'>longo</span> 
     </span>
     <span class='ocr_line' id='line_1_4' title="bbox 123 322 1433 387; baseline -0.002 -13"><span class='ocrx_word' id='word_1_20' title='bbox 123 330 224 375; x_wconf 89' lang='lat' dir='ltr'>Aut</span> <span class='ocrx_word' id='word_1_21' title='bbox 249 341 437 387; x_wconf 84' lang='lat' dir='ltr'>capere,</span> <span class='ocrx_word' id='word_1_22' title='bbox 464 333 547 372; x_wconf 88' lang='lat' dir='ltr'>aut</span> <span class='ocrx_word' id='word_1_23' title='bbox 570 332 736 385; x_wconf 87' lang='lat' dir='ltr'>captas</span> <span class='ocrx_word' id='word_1_24' title='bbox 756 322 856 383; x_wconf 87' lang='lat' dir='ltr'>jam</span> <span class='ocrx_word' id='word_1_25' title='bbox 883 323 1167 385; x_wconf 80' lang='lat' dir='ltr'>despectare</span> <span class='ocrx_word' id='word_1_26' title='bbox 1199 323 1433 372; x_wconf 86' lang='lat' dir='ltr'>videntur.</span> 
     </span>
     <span class='ocr_line' id='line_1_5' title="bbox 123 390 1152 444; baseline -0.004 -4"><span class='ocrx_word' id='word_1_27' title='bbox 123 395 192 440; x_wconf 92' lang='lat' dir='ltr'>Ut</span> <span class='ocrx_word' id='word_1_28' title='bbox 210 391 407 439; x_wconf 88' lang='lat' dir='ltr'><strong>reduces</strong></span> <span class='ocrx_word' id='word_1_29' title='bbox 432 392 497 438; x_wconf 87' lang='lat' dir='ltr'>illi</span> <span class='ocrx_word' id='word_1_30' title='bbox 520 391 695 437; x_wconf 89' lang='lat' dir='ltr'>ludunt</span> <span class='ocrx_word' id='word_1_31' title='bbox 714 390 1021 436; x_wconf 84' lang='lat' dir='ltr'>stridentibus</span> <span class='ocrx_word' id='word_1_32' title='bbox 1048 390 1152 444; x_wconf 86' lang='lat' dir='ltr'>alis,</span> 
     </span>
     <span class='ocr_line' id='line_1_6' title="bbox 123 457 1263 520; baseline -0.002 -14"><span class='ocrx_word' id='word_1_33' title='bbox 123 460 187 506; x_wconf 83' lang='lat' dir='ltr'>Et</span> <span class='ocrx_word' id='word_1_34' title='bbox 200 465 323 506; x_wconf 91' lang='lat' dir='ltr'>coetu</span> <span class='ocrx_word' id='word_1_35' title='bbox 348 460 536 506; x_wconf 83' lang='lat' dir='ltr'>cinxere</span> <span class='ocrx_word' id='word_1_36' title='bbox 560 458 742 520; x_wconf 90' lang='lat' dir='ltr'>polum,</span> <span class='ocrx_word' id='word_1_37' title='bbox 772 466 1037 519; x_wconf 84' lang='lat' dir='ltr'>cantusque</span> <span class='ocrx_word' id='word_1_38' title='bbox 1054 457 1230 506; x_wconf 74' lang='lat' dir='ltr'>dedere</span> <span class='ocrx_word' id='word_1_39' title='bbox 1252 476 1263 513; x_wconf 93' lang='lat'>;</span> 
     </span>
     <span class='ocr_line' id='line_1_7' title="bbox 123 524 1366 588; baseline 0.001 -17"><span class='ocrx_word' id='word_1_40' title='bbox 123 525 270 572; x_wconf 86' lang='lat' dir='ltr'>Haud</span> <span class='ocrx_word' id='word_1_41' title='bbox 291 525 430 573; x_wconf 81' lang='lat' dir='ltr'>aliter</span> <span class='ocrx_word' id='word_1_42' title='bbox 455 540 744 588; x_wconf 80' lang='lat' dir='ltr'>puppesque</span> <span class='ocrx_word' id='word_1_43' title='bbox 770 532 881 580; x_wconf 82' lang='lat' dir='ltr'>tuae,</span> <span class='ocrx_word' id='word_1_44' title='bbox 904 524 1155 586; x_wconf 81' lang='lat' dir='ltr'>pubesque</span> <span class='ocrx_word' id='word_1_45' title='bbox 1179 534 1366 572; x_wconf 89' lang='lat' dir='ltr'>tuorum</span> 
     </span>
     <span class='ocr_line' id='line_1_8' title="bbox 122 590 1434 656; baseline 0.002 -18"><span class='ocrx_word' id='word_1_46' title='bbox 122 593 221 639; x_wconf 86' lang='lat' dir='ltr'>Aut</span> <span class='ocrx_word' id='word_1_47' title='bbox 242 599 436 656; x_wconf 90' lang='lat' dir='ltr'>portum</span> <span class='ocrx_word' id='word_1_48' title='bbox 462 600 606 648; x_wconf 84' lang='lat' dir='ltr'>tenet,</span> <span class='ocrx_word' id='word_1_49' title='bbox 625 600 708 638; x_wconf 86' lang='lat' dir='ltr'>aut</span> <span class='ocrx_word' id='word_1_50' title='bbox 727 591 870 653; x_wconf 82' lang='lat' dir='ltr'>pleno</span> <span class='ocrx_word' id='word_1_51' title='bbox 897 590 1025 637; x_wconf 90' lang='lat' dir='ltr'><strong>subit</strong></span> <span class='ocrx_word' id='word_1_52' title='bbox 1049 591 1170 637; x_wconf 88' lang='lat' dir='ltr'>ostia</span> <span class='ocrx_word' id='word_1_53' title='bbox 1187 592 1311 638; x_wconf 83' lang='lat' dir='ltr'>velo.</span> <span class='ocrx_word' id='word_1_54' title='bbox 1337 600 1434 640; x_wconf 79' lang='lat'>400</span> 
     </span>
     <span class='ocr_line' id='line_1_9' title="bbox 122 657 1431 720; baseline 0.002 -16"><span class='ocrx_word' id='word_1_55' title='bbox 122 658 269 720; x_wconf 84' lang='lat' dir='ltr'>Perge</span> <span class='ocrx_word' id='word_1_56' title='bbox 295 658 456 714; x_wconf 77' lang='lat' dir='ltr'>modo,</span> <span class='ocrx_word' id='word_1_57' title='bbox 475 666 537 714; x_wconf 86' lang='lat' dir='ltr'>et,</span> <span class='ocrx_word' id='word_1_58' title='bbox 567 658 661 720; x_wconf 64' lang='lat' dir='ltr'>qua</span> <span class='ocrx_word' id='word_1_59' title='bbox 686 667 732 704; x_wconf 89' lang='lat' dir='ltr'>te</span> <span class='ocrx_word' id='word_1_60' title='bbox 758 657 896 704; x_wconf 87' lang='lat' dir='ltr'>ducit</span> <span class='ocrx_word' id='word_1_61' title='bbox 920 657 1008 713; x_wconf 90' lang='lat' dir='ltr'>via,</span> <span class='ocrx_word' id='word_1_62' title='bbox 1030 657 1176 718; x_wconf 82' lang='lat' dir='ltr'>dirige</span> <span class='ocrx_word' id='word_1_63' title='bbox 1201 675 1431 720; x_wconf 83' lang='lat' dir='ltr'>gressum.</span> 
     </span>
     <span class='ocr_line' id='line_1_10' title="bbox 188 723 1243 781; baseline 0 -10"><span class='ocrx_word' id='word_1_64' title='bbox 188 726 352 781; x_wconf 59' lang='lat' dir='ltr'>Dixin</span> <span class='ocrx_word' id='word_1_65' title='bbox 380 733 428 772; x_wconf 87' lang='lat' dir='ltr'>et</span> <span class='ocrx_word' id='word_1_66' title='bbox 447 732 665 771; x_wconf 85' lang='lat' dir='ltr'>avertens</span> <span class='ocrx_word' id='word_1_67' title='bbox 686 725 822 771; x_wconf 62' lang='lat' dir='ltr'>rosea</span> <span class='ocrx_word' id='word_1_68' title='bbox 848 723 1030 770; x_wconf 87' lang='lat' dir='ltr'>cervice</span> <span class='ocrx_word' id='word_1_69' title='bbox 1047 723 1243 781; x_wconf 83' lang='lat' dir='ltr'>refulsit,</span> 
     </span>
     <span class='ocr_line' id='line_1_11' title="bbox 122 791 1333 854; baseline 0 -16"><span class='ocrx_word' id='word_1_70' title='bbox 122 792 486 854; x_wconf 83' lang='lat' dir='ltr'>Arnbrosiaeque</span> <span class='ocrx_word' id='word_1_71' title='bbox 513 808 665 838; x_wconf 85' lang='lat' dir='ltr'>comae</span> <span class='ocrx_word' id='word_1_72' title='bbox 691 791 904 837; x_wconf 88' lang='lat' dir='ltr'>divinum</span> <span class='ocrx_word' id='word_1_73' title='bbox 931 791 1109 837; x_wconf 82' lang='lat' dir='ltr'>vertice</span> <span class='ocrx_word' id='word_1_74' title='bbox 1135 791 1333 838; x_wconf 89' lang='lat' dir='ltr'>odorem</span> 
     </span>
     <span class='ocr_line' id='line_1_12' title="bbox 122 856 1215 921; baseline 0.001 -17"><span class='ocrx_word' id='word_1_75' title='bbox 122 858 399 919; x_wconf 83' lang='lat' dir='ltr'>Spiravere;</span> <span class='ocrx_word' id='word_1_76' title='bbox 425 858 576 921; x_wconf 87' lang='lat' dir='ltr'>pedes</span> <span class='ocrx_word' id='word_1_77' title='bbox 605 858 748 905; x_wconf 84' lang='lat' dir='ltr'>vestis</span> <span class='ocrx_word' id='word_1_78' title='bbox 775 856 975 903; x_wconf 76' lang='lat' dir='ltr'>defluxit</span> <span class='ocrx_word' id='word_1_79' title='bbox 993 857 1053 903; x_wconf 86' lang='lat' dir='ltr'>ad</span> <span class='ocrx_word' id='word_1_80' title='bbox 1078 858 1215 915; x_wconf 88' lang='lat' dir='ltr'>imos,</span> 
     </span>
     <span class='ocr_line' id='line_1_13' title="bbox 121 923 1352 988; baseline 0.001 -18"><span class='ocrx_word' id='word_1_81' title='bbox 121 925 184 972; x_wconf 79' lang='lat' dir='ltr'>Et</span> <span class='ocrx_word' id='word_1_82' title='bbox 210 943 319 973; x_wconf 89' lang='lat' dir='ltr'>vera</span> <span class='ocrx_word' id='word_1_83' title='bbox 345 926 533 972; x_wconf 87' lang='lat' dir='ltr'>incessu</span> <span class='ocrx_word' id='word_1_84' title='bbox 553 925 711 988; x_wconf 85' lang='lat' dir='ltr'>patuit</span> <span class='ocrx_word' id='word_1_85' title='bbox 725 926 844 971; x_wconf 84' lang='lat' dir='ltr'>Dea.</span> <span class='ocrx_word' id='word_1_86' title='bbox 915 923 1019 980; x_wconf 90' lang='lat' dir='ltr'>Ille,</span> <span class='ocrx_word' id='word_1_87' title='bbox 1052 924 1133 970; x_wconf 89' lang='lat' dir='ltr'>ubi</span> <span class='ocrx_word' id='word_1_88' title='bbox 1153 934 1352 973; x_wconf 84' lang='lat' dir='ltr'>matrem</span> 
     </span>
     <span class='ocr_line' id='line_1_14' title="bbox 120 991 1230 1054; baseline 0.002 -17"><span class='ocrx_word' id='word_1_89' title='bbox 120 993 344 1054; x_wconf 86' lang='lat' dir='ltr'>Agnovit,</span> <span class='ocrx_word' id='word_1_90' title='bbox 372 992 454 1038; x_wconf 84' lang='lat' dir='ltr'>tali</span> <span class='ocrx_word' id='word_1_91' title='bbox 479 991 740 1052; x_wconf 82' lang='lat' dir='ltr'>fugientem</span> <span class='ocrx_word' id='word_1_92' title='bbox 765 999 838 1037; x_wconf 81' lang='lat' dir='ltr'>cst</span> <span class='ocrx_word' id='word_1_93' title='bbox 861 1006 978 1036; x_wconf 81' lang='lat' dir='ltr'>voce</span> <span class='ocrx_word' id='word_1_94' title='bbox 1004 1000 1197 1038; x_wconf 88' lang='lat' dir='ltr'>secutus</span> <span class='ocrx_word' id='word_1_95' title='bbox 1219 1010 1230 1039; x_wconf 71' lang='grc' dir='ltr'>ι</span> 
     </span>
     <span class='ocr_line' id='line_1_15' title="bbox 120 1058 1286 1120; baseline 0.002 -16"><span class='ocrx_word' id='word_1_96' title='bbox 120 1058 250 1112; x_wconf 84' lang='lat' dir='ltr'>Quid</span> <span class='ocrx_word' id='word_1_97' title='bbox 276 1067 438 1106; x_wconf 84' lang='lat' dir='ltr'>natum</span> <span class='ocrx_word' id='word_1_98' title='bbox 465 1058 619 1111; x_wconf 85' lang='lat' dir='ltr'>toties,</span> <span class='ocrx_word' id='word_1_99' title='bbox 634 1058 838 1105; x_wconf 84' lang='lat' dir='ltr'>crudelis</span> <span class='ocrx_word' id='word_1_100' title='bbox 856 1067 907 1104; x_wconf 91' lang='lat' dir='ltr'>tu</span> <span class='ocrx_word' id='word_1_101' title='bbox 935 1074 1143 1120; x_wconf 88' lang='lat' dir='ltr'>quoque,</span> <span class='ocrx_word' id='word_1_102' title='bbox 1156 1058 1286 1106; x_wconf 85' lang='lat' dir='ltr'>falsis</span> 
     </span>
     <span class='ocr_line' id='line_1_16' title="bbox 120 1123 1387 1187; baseline 0.002 -18"><span class='ocrx_word' id='word_1_103' title='bbox 120 1123 268 1172; x_wconf 84' lang='lat' dir='ltr'>Ludis</span> <span class='ocrx_word' id='word_1_104' title='bbox 295 1125 610 1187; x_wconf 69' lang='lat' dir='ltr'>imaginibus?</span> <span class='ocrx_word' id='word_1_105' title='bbox 638 1141 723 1172; x_wconf 88' lang='lat' dir='ltr'>cur</span> <span class='ocrx_word' id='word_1_106' title='bbox 745 1125 925 1172; x_wconf 80' lang='lat' dir='ltr'>dextrae</span> <span class='ocrx_word' id='word_1_107' title='bbox 943 1126 1147 1186; x_wconf 82' lang='lat' dir='ltr'>jungere</span> <span class='ocrx_word' id='word_1_108' title='bbox 1171 1126 1387 1172; x_wconf 79' lang='lat' dir='ltr'>dextram</span> 
     </span>
     <span class='ocr_line' id='line_1_17' title="bbox 119 1190 1332 1248; baseline 0.002 -12"><span class='ocrx_word' id='word_1_109' title='bbox 119 1190 230 1237; x_wconf 88' lang='lat' dir='ltr'>Non</span> <span class='ocrx_word' id='word_1_110' title='bbox 256 1191 414 1248; x_wconf 82' lang='lat' dir='ltr'>datur,</span> <span class='ocrx_word' id='word_1_111' title='bbox 441 1207 497 1239; x_wconf 79' lang='lat' dir='ltr'>ac</span> <span class='ocrx_word' id='word_1_112' title='bbox 522 1208 659 1240; x_wconf 86' lang='lat' dir='ltr'>veras</span> <span class='ocrx_word' id='word_1_113' title='bbox 685 1193 847 1238; x_wconf 86' lang='lat' dir='ltr'>audire</span> <span class='ocrx_word' id='word_1_114' title='bbox 864 1201 911 1237; x_wconf 88' lang='lat' dir='ltr'>et</span> <span class='ocrx_word' id='word_1_115' title='bbox 935 1192 1135 1237; x_wconf 82' lang='lat' dir='ltr'>reddere</span> <span class='ocrx_word' id='word_1_116' title='bbox 1155 1209 1293 1238; x_wconf 71' lang='lat' dir='ltr'>voces</span> <span class='ocrx_word' id='word_1_117' title='bbox 1314 1194 1332 1237; x_wconf 60' lang='lat' dir='ltr'>”f</span> 
     </span>
     <span class='ocr_line' id='line_1_18' title="bbox 117 1258 1378 1321; baseline -0.004 -15"><span class='ocrx_word' id='word_1_118' title='bbox 117 1259 321 1306; x_wconf 81' lang='lat' dir='ltr'>Talibus</span> <span class='ocrx_word' id='word_1_119' title='bbox 346 1260 552 1315; x_wconf 89' lang='lat' dir='ltr'>incusat,</span> <span class='ocrx_word' id='word_1_120' title='bbox 579 1275 891 1321; x_wconf 87' lang='lat' dir='ltr'>gressumque</span> <span class='ocrx_word' id='word_1_121' title='bbox 927 1258 988 1304; x_wconf 84' lang='lat' dir='ltr'>ad</span> <span class='ocrx_word' id='word_1_122' title='bbox 1016 1261 1186 1305; x_wconf 83' lang='lat' dir='ltr'>moenia</span> <span class='ocrx_word' id='word_1_123' title='bbox 1204 1261 1378 1306; x_wconf 88' lang='lat' dir='ltr'>tendit.</span> 
     </span>
     <span class='ocr_line' id='line_1_19' title="bbox 118 1326 1421 1387; baseline 0.002 -16"><span class='ocrx_word' id='word_1_124' title='bbox 118 1327 184 1372; x_wconf 90' lang='lat' dir='ltr'>At</span> <span class='ocrx_word' id='word_1_125' title='bbox 207 1328 368 1373; x_wconf 85' lang='lat' dir='ltr'>Venus</span> <span class='ocrx_word' id='word_1_126' title='bbox 385 1326 593 1372; x_wconf 89' lang='lat' dir='ltr'>obscuro</span> <span class='ocrx_word' id='word_1_127' title='bbox 613 1326 878 1387; x_wconf 83' lang='lat' dir='ltr'>gradientes</span> <span class='ocrx_word' id='word_1_128' title='bbox 903 1331 1009 1371; x_wconf 74' lang='lat' dir='ltr'>aere</span> <span class='ocrx_word' id='word_1_129' title='bbox 1032 1327 1195 1385; x_wconf 81' lang='lat' dir='ltr'>sepsit,</span> <span class='ocrx_word' id='word_1_130' title='bbox 1332 1329 1421 1374; x_wconf 81' lang='lat'>411</span> 
     </span>
     <span class='ocr_line' id='line_1_20' title="bbox 119 1390 1279 1439; baseline 0.002 -2"><span class='ocrx_word' id='word_1_131' title='bbox 119 1393 183 1438; x_wconf 88' lang='lat' dir='ltr'>Et</span> <span class='ocrx_word' id='word_1_132' title='bbox 208 1393 359 1439; x_wconf 89' lang='lat' dir='ltr'>multo</span> <span class='ocrx_word' id='word_1_133' title='bbox 385 1393 572 1439; x_wconf 88' lang='lat' dir='ltr'>nebulae</span> <span class='ocrx_word' id='word_1_134' title='bbox 597 1392 775 1438; x_wconf 76' lang='lat' dir='ltr'>circum</span> <span class='ocrx_word' id='word_1_135' title='bbox 796 1392 901 1437; x_wconf 84' lang='lat' dir='ltr'>Dea</span> <span class='ocrx_word' id='word_1_136' title='bbox 925 1390 1051 1437; x_wconf 83' lang='lat' dir='ltr'>fudit</span> <span class='ocrx_word' id='word_1_137' title='bbox 1076 1394 1279 1439; x_wconf 86' lang='lat' dir='ltr'>amictu:</span> 
     </span>
     <span class='ocr_line' id='line_1_21' title="bbox 120 1458 1428 1521; baseline 0 -16"><span class='ocrx_word' id='word_1_138' title='bbox 120 1459 323 1506; x_wconf 88' lang='lat' dir='ltr'>Cernere</span> <span class='ocrx_word' id='word_1_139' title='bbox 346 1476 404 1505; x_wconf 90' lang='lat' dir='ltr'>ne</span> <span class='ocrx_word' id='word_1_140' title='bbox 429 1459 539 1521; x_wconf 87' lang='lat' dir='ltr'>quis</span> <span class='ocrx_word' id='word_1_141' title='bbox 564 1475 663 1514; x_wconf 88' lang='lat' dir='ltr'>eos,</span> <span class='ocrx_word' id='word_1_142' title='bbox 690 1474 780 1504; x_wconf 89' lang='lat' dir='ltr'>neu</span> <span class='ocrx_word' id='word_1_143' title='bbox 816 1458 921 1519; x_wconf 86' lang='lat' dir='ltr'>quis</span> <span class='ocrx_word' id='word_1_144' title='bbox 948 1458 1224 1519; x_wconf 83' lang='lat' dir='ltr'>contingere</span> <span class='ocrx_word' id='word_1_145' title='bbox 1250 1468 1428 1519; x_wconf 80' lang='lat' dir='ltr'>posset,</span> 
     </span>
     <span class='ocr_line' id='line_1_22' title="bbox 117 1523 1330 1586; baseline 0 -15"><span class='ocrx_word' id='word_1_146' title='bbox 117 1525 340 1571; x_wconf 77' lang='lat' dir='ltr'>Moiirive</span> <span class='ocrx_word' id='word_1_147' title='bbox 360 1542 554 1581; x_wconf 88' lang='lat' dir='ltr'>moram,</span> <span class='ocrx_word' id='word_1_148' title='bbox 580 1535 662 1571; x_wconf 89' lang='lat' dir='ltr'>ant</span> <span class='ocrx_word' id='word_1_149' title='bbox 686 1523 902 1570; x_wconf 87' lang='lat' dir='ltr'>veniendi</span> <span class='ocrx_word' id='word_1_150' title='bbox 930 1540 1124 1586; x_wconf 82' lang='lat' dir='ltr'>poscere</span> <span class='ocrx_word' id='word_1_151' title='bbox 1149 1541 1330 1572; x_wconf 71' lang='lat' dir='ltr'>causas.</span> 
     </span>
     <span class='ocr_line' id='line_1_23' title="bbox 118 1591 1287 1655; baseline 0.001 -19"><span class='ocrx_word' id='word_1_152' title='bbox 118 1591 228 1654; x_wconf 80' lang='lat' dir='ltr'>Ipsa</span> <span class='ocrx_word' id='word_1_153' title='bbox 255 1593 472 1655; x_wconf 83' lang='lat' dir='ltr'>Paphum</span> <span class='ocrx_word' id='word_1_154' title='bbox 499 1591 708 1638; x_wconf 87' lang='lat' dir='ltr'>sublimis</span> <span class='ocrx_word' id='word_1_155' title='bbox 731 1591 846 1646; x_wconf 76' lang='lat' dir='ltr'>abit,</span> <span class='ocrx_word' id='word_1_156' title='bbox 875 1592 1103 1652; x_wconf 82' lang='lat' dir='ltr'>sedesque</span> <span class='ocrx_word' id='word_1_157' title='bbox 1127 1591 1287 1637; x_wconf 89' lang='lat' dir='ltr'>revisit</span> 
     </span>
     <span class='ocr_line' id='line_1_24' title="bbox 117 1656 1429 1720; baseline -0.001 -15"><span class='ocrx_word' id='word_1_158' title='bbox 117 1659 250 1705; x_wconf 81' lang='lat' dir='ltr'>Laeta</span> <span class='ocrx_word' id='word_1_159' title='bbox 275 1675 382 1705; x_wconf 89' lang='lat' dir='ltr'>suas</span> <span class='ocrx_word' id='word_1_160' title='bbox 406 1677 417 1714; x_wconf 88' lang='lat'>;</span> <span class='ocrx_word' id='word_1_161' title='bbox 459 1658 542 1705; x_wconf 89' lang='lat' dir='ltr'>ubi</span> <span class='ocrx_word' id='word_1_162' title='bbox 567 1657 796 1720; x_wconf 87' lang='lat' dir='ltr'>templum</span> <span class='ocrx_word' id='word_1_163' title='bbox 822 1656 905 1713; x_wconf 86' lang='lat' dir='ltr'>illi,</span> <span class='ocrx_word' id='word_1_164' title='bbox 934 1667 1226 1718; x_wconf 85' lang='lat' dir='ltr'>centumque</span> <span class='ocrx_word' id='word_1_165' title='bbox 1254 1659 1429 1704; x_wconf 71' lang='lat' dir='ltr'>Sabaeo</span> 
     </span>
     <span class='ocr_line' id='line_1_25' title="bbox 115 1723 1338 1785; baseline 0 -15"><span class='ocrx_word' id='word_1_166' title='bbox 115 1723 279 1772; x_wconf 85' lang='lat' dir='ltr'>Thure</span> <span class='ocrx_word' id='word_1_167' title='bbox 296 1726 455 1772; x_wconf 83' lang='lat' dir='ltr'>calent</span> <span class='ocrx_word' id='word_1_168' title='bbox 479 1741 589 1781; x_wconf 83' lang='lat' dir='ltr'>arae,</span> <span class='ocrx_word' id='word_1_169' title='bbox 612 1725 841 1785; x_wconf 89' lang='lat' dir='ltr'>sertisque</span> <span class='ocrx_word' id='word_1_170' title='bbox 857 1724 1129 1770; x_wconf 86' lang='lat' dir='ltr'>recentibus</span> <span class='ocrx_word' id='word_1_171' title='bbox 1158 1725 1338 1770; x_wconf 83' lang='lat' dir='ltr'>halant.</span> 
     </span>
     <span class='ocr_line' id='line_1_26' title="bbox 182 1790 1389 1854; baseline -0.002 -16"><span class='ocrx_word' id='word_1_172' title='bbox 182 1791 468 1854; x_wconf 84' lang='lat' dir='ltr'>Corripuere</span> <span class='ocrx_word' id='word_1_173' title='bbox 487 1791 608 1837; x_wconf 83' lang='lat' dir='ltr'>viam</span> <span class='ocrx_word' id='word_1_174' title='bbox 632 1792 811 1838; x_wconf 85' lang='lat' dir='ltr'>interea</span> <span class='ocrx_word' id='word_1_175' title='bbox 828 1790 923 1851; x_wconf 67' lang='lat' dir='ltr'>qua</span> <span class='ocrx_word' id='word_1_176' title='bbox 950 1791 1116 1836; x_wconf 85' lang='lat' dir='ltr'>semita</span> <span class='ocrx_word' id='word_1_177' title='bbox 1141 1800 1389 1837; x_wconf 83' lang='lat' dir='ltr'>monstrat.</span> 
     </span>
     <span class='ocr_line' id='line_1_27' title="bbox 115 1857 1380 1920; baseline -0.001 -16"><span class='ocrx_word' id='word_1_178' title='bbox 115 1857 317 1920; x_wconf 86' lang='lat' dir='ltr'>Jamque</span> <span class='ocrx_word' id='word_1_179' title='bbox 341 1857 668 1905; x_wconf 86' lang='lat' dir='ltr'>ascendebant</span> <span class='ocrx_word' id='word_1_180' title='bbox 694 1858 881 1912; x_wconf 83' lang='lat' dir='ltr'>collem,</span> <span class='ocrx_word' id='word_1_181' title='bbox 905 1857 987 1918; x_wconf 90' lang='lat' dir='ltr'>qui</span> <span class='ocrx_word' id='word_1_182' title='bbox 1015 1857 1250 1918; x_wconf 80' lang='lat' dir='ltr'>plurimus</span> <span class='ocrx_word' id='word_1_183' title='bbox 1273 1858 1380 1903; x_wconf 88' lang='lat' dir='ltr'>urbi</span> 
     </span>
     <span class='ocr_line' id='line_1_28' title="bbox 117 1923 1341 1986; baseline 0.001 -17"><span class='ocrx_word' id='word_1_184' title='bbox 117 1925 353 1982; x_wconf 86' lang='lat' dir='ltr'>Imminet,</span> <span class='ocrx_word' id='word_1_185' title='bbox 375 1925 695 1986; x_wconf 84' lang='lat' dir='ltr'>adversasque</span> <span class='ocrx_word' id='word_1_186' title='bbox 719 1932 938 1985; x_wconf 85' lang='lat' dir='ltr'>aspectat</span> <span class='ocrx_word' id='word_1_187' title='bbox 962 1923 1170 1985; x_wconf 81' lang='lat' dir='ltr'>desuper</span> <span class='ocrx_word' id='word_1_188' title='bbox 1193 1941 1341 1970; x_wconf 84' lang='lat' dir='ltr'>arces.</span> 
     </span>
     <span class='ocr_line' id='line_1_29' title="bbox 119 1990 1424 2051; baseline 0.001 -15"><span class='ocrx_word' id='word_1_189' title='bbox 119 1990 321 2038; x_wconf 84' lang='lat' dir='ltr'>Miratur</span> <span class='ocrx_word' id='word_1_190' title='bbox 345 1992 517 2037; x_wconf 89' lang='lat' dir='ltr'>molem</span> <span class='ocrx_word' id='word_1_191' title='bbox 539 1993 726 2047; x_wconf 73' lang='lat' dir='ltr'>AEnea5‚</span> <span class='ocrx_word' id='word_1_192' title='bbox 755 1990 955 2051; x_wconf 84' lang='lat' dir='ltr'>magalia</span> <span class='ocrx_word' id='word_1_193' title='bbox 981 1990 1251 2051; x_wconf 81' lang='lat' dir='ltr'>quondam3</span> <span class='ocrx_word' id='word_1_194' title='bbox 1333 1996 1424 2037; x_wconf 62' lang='lat'>4⁶21</span> 
     </span>
     <span class='ocr_line' id='line_1_30' title="bbox 119 2056 1363 2120; baseline 0.001 -18"><span class='ocrx_word' id='word_1_195' title='bbox 119 2057 320 2104; x_wconf 86' lang='lat' dir='ltr'>Miratur</span> <span class='ocrx_word' id='word_1_196' title='bbox 344 2066 523 2120; x_wconf 82' lang='lat' dir='ltr'>portaS,</span> <span class='ocrx_word' id='word_1_197' title='bbox 552 2058 911 2119; x_wconf 84' lang='lat' dir='ltr'>strepitumque,</span> <span class='ocrx_word' id='word_1_198' title='bbox 939 2066 985 2102; x_wconf 90' lang='lat' dir='ltr'>et</span> <span class='ocrx_word' id='word_1_199' title='bbox 1004 2064 1147 2101; x_wconf 84' lang='lat' dir='ltr'>strata</span> <span class='ocrx_word' id='word_1_200' title='bbox 1168 2056 1363 2103; x_wconf 87' lang='lat' dir='ltr'>viarum.</span> 
     </span>
     <span class='ocr_line' id='line_1_31' title="bbox 119 2122 1263 2186; baseline 0 -18"><span class='ocrx_word' id='word_1_201' title='bbox 119 2124 299 2170; x_wconf 82' lang='lat' dir='ltr'>Instant</span> <span class='ocrx_word' id='word_1_202' title='bbox 318 2124 538 2171; x_wconf 84' lang='lat' dir='ltr'>ardentes</span> <span class='ocrx_word' id='word_1_203' title='bbox 559 2124 721 2186; x_wconf 81' lang='lat' dir='ltr'>&#39;lyriiz</span> <span class='ocrx_word' id='word_1_204' title='bbox 749 2139 858 2185; x_wconf 80' lang='lat' dir='ltr'>pais</span> <span class='ocrx_word' id='word_1_205' title='bbox 883 2122 1060 2168; x_wconf 88' lang='lat' dir='ltr'>ducere</span> <span class='ocrx_word' id='word_1_206' title='bbox 1088 2139 1263 2178; x_wconf 86' lang='lat' dir='ltr'>muros,</span> 
     </span>
     <span class='ocr_line' id='line_1_32' title="bbox 117 2188 1364 2252; baseline 0 -17"><span class='ocrx_word' id='word_1_207' title='bbox 117 2188 372 2252; x_wconf 86' lang='lat' dir='ltr'>Molirique</span> <span class='ocrx_word' id='word_1_208' title='bbox 397 2207 574 2246; x_wconf 87' lang='lat' dir='ltr'>arcem,</span> <span class='ocrx_word' id='word_1_209' title='bbox 599 2199 647 2236; x_wconf 86' lang='lat' dir='ltr'>et</span> <span class='ocrx_word' id='word_1_210' title='bbox 672 2190 889 2236; x_wconf 81' lang='lat' dir='ltr'>manibus</span> <span class='ocrx_word' id='word_1_211' title='bbox 916 2191 1033 2235; x_wconf 89' lang='lat' dir='ltr'>subv</span> <span class='ocrx_word' id='word_1_212' title='bbox 1025 2188 1114 2234; x_wconf 72' lang='lat' dir='ltr'>oh</span> <span class='ocrx_word' id='word_1_213' title='bbox 1120 2205 1196 2235; x_wconf 87' lang='lat' dir='ltr'>ere</span> <span class='ocrx_word' id='word_1_214' title='bbox 1223 2206 1332 2235; x_wconf 77' lang='lat' dir='ltr'>saxa</span> <span class='ocrx_word' id='word_1_215' title='bbox 1353 2207 1364 2243; x_wconf 86' lang='lat'><em>;</em></span> 
     </span>
     <span class='ocr_line' id='line_1_33' title="bbox 121 2228 1337 2318; baseline 0 -18"><span class='ocrx_word' id='word_1_216' title='bbox 121 2256 232 2301; x_wconf 90' lang='lat' dir='ltr'>Pars</span> <span class='ocrx_word' id='word_1_217' title='bbox 259 2265 419 2318; x_wconf 86' lang='lat' dir='ltr'>optare</span> <span class='ocrx_word' id='word_1_218' title='bbox 448 2228 607 2303; x_wconf 75' lang='lat' dir='ltr'>locuin</span> <span class='ocrx_word' id='word_1_219' title='bbox 634 2265 780 2312; x_wconf 85' lang='lat' dir='ltr'>tecto,</span> <span class='ocrx_word' id='word_1_220' title='bbox 807 2264 855 2302; x_wconf 86' lang='lat' dir='ltr'>et</span> <span class='ocrx_word' id='word_1_221' title='bbox 875 2255 1164 2302; x_wconf 76' lang='lat' dir='ltr'>concludere</span> <span class='ocrx_word' id='word_1_222' title='bbox 1186 2256 1337 2302; x_wconf 73' lang='lat' dir='ltr'>sulco.</span> 
     </span>
     <span class='ocr_line' id='line_1_34' title="bbox 117 2322 1433 2385; baseline -0.001 -17"><span class='ocrx_word' id='word_1_223' title='bbox 117 2322 233 2368; x_wconf 83' lang='lat' dir='ltr'>Jura</span> <span class='ocrx_word' id='word_1_224' title='bbox 271 2324 672 2385; x_wconf 82' lang='lat' dir='ltr'>magistratusque</span> <span class='ocrx_word' id='word_1_225' title='bbox 706 2325 884 2385; x_wconf 78' lang='lat' dir='ltr'>legunt,</span> <span class='ocrx_word' id='word_1_226' title='bbox 933 2331 1248 2384; x_wconf 82' lang='lat' dir='ltr'>sanctumque</span> <span class='ocrx_word' id='word_1_227' title='bbox 1299 2338 1433 2368; x_wconf 84' lang='lat' dir='ltr'>sena-</span> 
     </span>
     <span class='ocr_line' id='line_1_35' title="bbox 120 2388 1433 2453; baseline 0 -19"><span class='ocrx_word' id='word_1_228' title='bbox 120 2389 214 2434; x_wconf 69' lang='lat' dir='ltr'>Hic</span> <span class='ocrx_word' id='word_1_229' title='bbox 242 2397 408 2450; x_wconf 90' lang='lat' dir='ltr'>portus</span> <span class='ocrx_word' id='word_1_230' title='bbox 428 2390 505 2436; x_wconf 89' lang='lat' dir='ltr'>alii</span> <span class='ocrx_word' id='word_1_231' title='bbox 526 2389 790 2436; x_wconf 82' lang='lat' dir='ltr'>effodiunt:</span> <span class='ocrx_word' id='word_1_232' title='bbox 820 2388 898 2434; x_wconf 79' lang='lat' dir='ltr'>hie</span> <span class='ocrx_word' id='word_1_233' title='bbox 923 2389 1018 2435; x_wconf 86' lang='lat' dir='ltr'>alta</span> <span class='ocrx_word' id='word_1_234' title='bbox 1045 2389 1238 2434; x_wconf 85' lang='lat' dir='ltr'>theatris</span> <span class='ocrx_word' id='word_1_235' title='bbox 1293 2392 1433 2453; x_wconf 78' lang='lat' dir='ltr'>[turn.</span> 
     </span>
     <span class='ocr_line' id='line_1_36' title="bbox 119 2455 1377 2516; baseline 0.002 -14"><span class='ocrx_word' id='word_1_236' title='bbox 119 2455 451 2502; x_wconf 85' lang='lat' dir='ltr'>Fundamenta</span> <span class='ocrx_word' id='word_1_237' title='bbox 476 2456 635 2503; x_wconf 83' lang='lat' dir='ltr'>locant</span> <span class='ocrx_word' id='word_1_238' title='bbox 660 2456 753 2511; x_wconf 83' lang='lat' dir='ltr'>alii,</span> <span class='ocrx_word' id='word_1_239' title='bbox 776 2456 1104 2516; x_wconf 82' lang='lat' dir='ltr'>immanesque</span> <span class='ocrx_word' id='word_1_240' title='bbox 1131 2458 1377 2505; x_wconf 80' lang='lat' dir='ltr'>columnas</span> 
     </span>
     <span class='ocr_line' id='line_1_37' title="bbox 123 2519 1302 2584; baseline 0 -14"><span class='ocrx_word' id='word_1_241' title='bbox 123 2519 344 2584; x_wconf 76' lang='lat' dir='ltr'>Rupibus</span> <span class='ocrx_word' id='word_1_242' title='bbox 360 2521 599 2582; x_wconf 83' lang='lat' dir='ltr'>excidunt,</span> <span class='ocrx_word' id='word_1_243' title='bbox 627 2523 780 2570; x_wconf 80' lang='lat' dir='ltr'>scenis</span> <span class='ocrx_word' id='word_1_244' title='bbox 801 2522 976 2569; x_wconf 84' lang='lat' dir='ltr'>decora</span> <span class='ocrx_word' id='word_1_245' title='bbox 1000 2523 1095 2570; x_wconf 81' lang='lat' dir='ltr'>alta</span> <span class='ocrx_word' id='word_1_246' title='bbox 1116 2523 1302 2570; x_wconf 72' lang='lat' dir='ltr'>futuris.</span> 
     </span>
    </p>
   </div>
  </div>
 </body>
</html>
