1607 2700
491 64 754 98 AENEmos
797 64 904 97 ΜΒ.
948 63 1072 96 vm.
1343 56 1432 102 ‘277

123 183 220 239 Qui
245 182 522 246 primifines
547 182 812 242 aliquando
839 183 1044 228 habuere
1070 182 1276 228 Latinos.
1297 181 1436 244 [bant

122 250 266 296 Haud
289 249 456 311 procul
481 249 590 295 hinc
613 248 802 295 Tarcho
826 256 874 294 et
897 249 1134 311 Tyrrheni
1171 256 1272 295 tuta
1308 257 1437 294 tene·

124 316 292 363 Castra
318 316 434 362 locis
456 333 467 371 ;
507 315 733 376 celsoque
760 316 920 361 omnis*
939 314 999 361 de
1021 314 1142 360 colle
1169 314 1315 360 videri

120 383 227 429 Jam
253 391 439 444 poterat
465 381 604 444 legio,
631 391 680 428 et
706 382 811 428 latis
838 381 1067 427 tendebat
1095 381 1138 424 in
1166 381 1303 427 arvis.

122 448 234 495 Huc
257 456 395 509 pater
419 449 589 495 AEneas
614 457 661 495 et
689 449 814 495 bello
840 448 965 494 lecta
979 448 1207 508 juventus

121 514 418 572 Succedunt,
459 515 666 575 fessique
703 525 748 562 et
774 531 924 577 equos
950 524 998 560 et
1024 529 1226 575 corpora
1252 520 1437 559 curant.

185 582 250 627 At
274 582 432 627 Venus
453 582 684 628 aethereos
720 582 842 628 inter
885 583 990 627 Dea
1030 579 1230 627 candida
1250 580 1438 625 nimbos

119 647 260 692 Dona
284 647 437 694 ferens
464 648 660 702 aderat;
699 661 956 709 natumque
981 647 1027 693 in
1053 646 1173 693 valle
1210 646 1404 692 reducta

119 713 189 760 Ut
212 715 385 775 procul
411 715 596 777 egelido
623 724 854 761 secretum
880 713 1074 760 flumine
1099 713 1214 759 vidit
1236 731 1248 767 ;
1342 709 1438 759 610

118 779 321 827 Talibus
340 780 484 828 affata
501 791 573 828 est
599 782 755 837 dietis,
782 797 928 843 seque
953 780 1124 826 obtulit
1149 781 1273 825 ultro
1294 795 1306 824 τ

118 847 192 892 En
219 847 435 908 perfecta
457 850 545 894 mei
572 848 803 911 promissa
830 846 1049 909 conjugis
1076 855 1175 892 arte

119 914 351 970 Munera,
392 931 448 960 ne
477 932 601 972 mox,
629 923 714 961 aut
731 915 1009 968 Laurentes,
1035 921 1162 969 nate,
1191 910 1438 973 superbos,

118 982 216 1026 Aut
240 995 398 1026 acrem
423 980 652 1029 dubites
642 997 687 1026 ln
714 980 878 1055 praelia
898 996 1100 1044 poscere
1125 980 1360 1026 'lurnum.

120 1046 275 1102 Dixit,
301 1054 347 1093 et
373 1048 621 1108 amplexus
645 1048 744 1094 nati
769 1049 1006 1111 Cytherea
1033 1045 1197 1108 petivit
1219 1061 1231 1097 ;

117 1114 265 1158 Arma
289 1114 378 1159 sub
403 1114 602 1161 adversa
629 1115 791 1177 posuit
813 1114 1049 1162 radiantia
1075 1127 1271 1174 quercu.

118 1178 205 1224 Ille
232 1181 350 1227 Deae
377 1180 516 1228 donis
537 1191 583 1228 et
604 1190 736 1228 tauto
762 1182 898 1229 laetus
916 1182 1110 1234 honore,

119 1245 312 1307 Expleri
337 1247 519 1310 nequit,
546 1256 692 1311 atque
718 1250 882 1295 oculos
905 1265 988 1310 per
1014 1245 1196 1308 singula
1222 1243 1384 1299 volvit,

120 1312 438 1375 Miraturque,
466 1314 682 1377 interque
710 1331 875 1361 manus
900 1324 948 1362 et
974 1313 1166 1360 brachia
1187 1318 1342 1357 versat

118 1378 400 1425 Terribilem
441 1381 593 1427 cristis
619 1382 798 1443 galeam
820 1381 1129 1443 flammasque
1154 1386 1438 1432 vomentem,

121 1445 472 1508 Fatiferumque
488 1463 664 1505 ensem,
683 1449 878 1495 loricam
898 1466 954 1494 ex
971 1464 1060 1494 aere
1080 1446 1324 1507 rigentem,
1343 1443 1435 1491 6221

120 1512 453 1576 Sanguineam,
480 1513 752 1576 ingentem:
774 1516 926 1578 qualis
953 1515 1062 1562 cum
1089 1513 1267 1559 coerula
1286 1511 1439 1557 nubes

121 1580 245 1625 Solis
271 1579 530 1627 inardescit
554 1582 714 1639 radiis,
737 1582 970 1644 longeque
995 1580 1211 1640 refulget:

119 1646 242 1691 Tum
270 1646 394 1692 leves
421 1663 586 1694 ocreas
613 1648 790 1696 electro
815 1665 1026 1711 auroque
1052 1653 1263 1701 recocto,

120 1712 437 1775 Hastamque,
465 1722 514 1761 et
537 1716 695 1779 clypei
724 1732 818 1762 non
840 1714 1103 1763 enarrabile
1128 1721 1328 1759 textum.

187 1780 290 1825 Illic
316 1796 389 1826 res
415 1781 578 1838 Italas,
607 1784 1028 1845 Romanorumque
1054 1780 1338 1856 triumph-os,

121 1846 264 1892 Haud
291 1845 472 1894 fatum
461 1864 649 1909 ignarus
675 1851 953 1912 venturique
979 1848 1158 1895 inscius
1185 1846 1288 1900 aevi,

122 1913 315 1960 Fecerat
339 1913 636 1977 ignipotens,
663 1917 758 1964 illic
785 1933 933 1980 genus
954 1931 1092 1962 omne
1118 1914 1291 1960 futurae

122 1980 295 2042 Stirpis
321 1981 382 2026 ab
408 1983 632 2039 Ascanio,
660 1991 967 2046 pugnataque
994 1984 1039 2027 in
1064 1981 1228 2028 ordine
1253 1978 1394 2026 bella.

189 2047 386 2093 Fecerat
409 2057 455 2094 et
482 2049 619 2095 viridi
645 2049 806 2097 foetam
835 2050 1066 2097 Mavortis
1091 2048 1135 2094 in
1163 2055 1300 2094 antro
1343 2042 1438 2093 630

121 2112 439 2162 Procubuisse
464 2116 651 2178 lupam:
691 2118 900 2179 geminos
923 2118 1029 2163 huic
1058 2116 1199 2162 ubera
1237 2112 1417 2159 circum

123 2180 309 2227 Ludere
335 2182 600 2242 pendentes
619 2200 807 2258 pueroS‚
829 2193 878 2231 et
904 2184 1112 2230 lambere
1138 2189 1333 2227 matrem

121 2246 425 2309 Impavidos;
465 2249 592 2295 illam
620 2251 752 2296 tereti
780 2251 966 2298 cervice
987 2249 1211 2297 reflexam

127 2314 338 2360 Mulcere
362 2315 584 2371 alternos,
608 2326 654 2362 et
680 2334 886 2380 corpora
910 2316 1084 2381 fingere
1110 2314 1286 2392 lingui.

188 2380 290 2426 Nec
339 2383 508 2443 procul
550 2384 657 2431 hine
697 2385 915 2442 Romam,
938 2393 984 2430 et
1010 2392 1169 2446 raptas
1191 2382 1288 2427 sine
1311 2395 1438 2426 more

319 2448 518 2497 Sabinas
723 2457 766 2501 H
794 2464 820 2505 3
