1586 2704
108 66 204 107 344
437 71 484 104 Ρ.
525 71 769 108 V1RG1L11
811 71 1073 108 MARONIS

107 185 277 233 Gentis
305 185 375 230 bis
403 185 560 240 victae,
589 184 755 231 contra
780 200 996 248 premere
1023 200 1148 230 arma
1177 185 1344 231 Latini.

107 253 249 299 Nunc
268 257 315 297 et
333 251 682 313 Myrmidonum
703 267 923 312 proceres
943 252 1146 314 Phrygia
1162 266 1288 296 arma
1307 260 1398 297 tre·

240 326 461 373 miscunt,

107 383 251 431 Nunc
278 392 326 430 et
351 383 584 445 Tydides,
611 391 660 430 et
684 382 939 429 Larissaeus
965 383 1200 433 Achilles:

107 450 274 496 Amnis
299 457 345 495 et
371 450 628 496 Hadriacas
656 458 777 494 retro
804 447 925 508 fugit
949 447 1152 495 Aufidus
1181 451 1327 496 undas
1351 467 1363 498 :

106 516 192 561 Vel
218 515 328 562 cum
354 533 403 561 se
429 515 656 577 pavidum
684 526 850 559 contra
878 529 977 560 mea
994 512 1156 578 jurgia
1181 517 1314 579 fingit

106 581 315 628 Artificis
342 582 518 635 scelus;
543 589 592 627 et
616 579 866 625 formidine
887 580 1061 625 crimen
1081 584 1292 629 acerbat.
1324 582 1402 646 [ri)

107 649 360 709 Nunquam
373 648 575 692 animani
597 646 738 693 talem
756 644 922 691 dextra
939 645 1230 704 hac-(absiste
1244 666 1399 695 move-

105 715 339 760 Amittes:
371 713 551 758 habitet
572 720 749 765 tecum,
776 718 824 757 et
851 711 913 757 sit
938 721 1133 773 pectore
1156 715 1199 759 in
1227 715 1331 760 isto.

172 780 314 827 Nunc
340 779 397 824 ad
424 787 469 824 te
502 787 550 824 et
586 788 683 835 tua,
710 792 878 839 magne
904 788 1057 840 pater,
1083 780 1302 826 consulta
1329 796 1402 826 re-

234 855 405 892 vertor.
1304 853 1402 894 410

106 911 157 959 Si
181 912 353 957 nullam
379 910 550 956 nostris
577 909 696 956 ultra
721 926 853 972 spem
875 910 1012 972 ponis
1029 910 1074 955 in
1102 910 1268 966 armis;

106 978 153 1023 Si
180 986 270 1026 tam
300 977 471 1023 deserti
498 992 674 1032 sumus,
695 985 740 1022 et
761 976 904 1022 semel
929 977 1114 1037 agmine
1139 993 1271 1023 verso

107 1044 337 1090 Funditus
361 1042 638 1098 occidimus,
661 1059 814 1104 neque
834 1042 974 1088 habet
995 1043 1200 1088 fortuna
1221 1059 1402 1105 regres-

237 1127 340 1156 sum
365 1126 377 1162 ;

110 1177 310 1223 Oremus
338 1191 523 1236 pacem,
546 1182 592 1220 et
616 1174 806 1220 dextras
833 1173 1081 1220 tendamus
1104 1175 1318 1220 inermes.

108 1243 414 1303 Quanquam,
440 1259 485 1296 o,
522 1241 560 1286 si
593 1242 742 1286 solitae
770 1241 1023 1301 quicquam
1051 1241 1235 1285 virtutis
1266 1242 1401 1288 ades·

106 1308 191 1353 llle
213 1309 326 1355 mibi
351 1316 462 1355 ante
483 1307 616 1364 alios,
642 1306 1008 1366 fortunatusque
1035 1306 1266 1362 laborum,
1291 1309 1399 1372 [set,

107 1375 431 1436 Egregiusque
455 1373 617 1429 animi,
643 1372 739 1435 qui,
766 1388 823 1417 ne
845 1372 959 1431 quid
988 1372 1081 1418 tale
1107 1373 1301 1430 videret,

107 1440 597 1497 Procubuitmoriens‚
612 1448 659 1486 et
676 1441 869 1484 humum
883 1438 1022 1483 semel
1040 1454 1119 1484 ore
1132 1439 1399 1485 momordit.

109 1507 187 1552 Sin
204 1516 251 1554 et
276 1523 390 1569 opes
416 1506 570 1562 nobis,
595 1515 642 1552 et
664 1505 823 1551 adhuc
851 1505 1029 1550 intacta
1046 1504 1295 1565 juventus,

106 1574 395 1633 Auxilioque
422 1574 562 1619 urbes
589 1573 720 1617 Italae
738 1570 1000 1632 populique
1021 1578 1301 1630 supersunt;

108 1641 189 1686 Sin
216 1648 266 1686 et:
286 1638 506 1700 Trojanis
532 1654 639 1683 cum
667 1639 819 1683 multo
845 1636 993 1698 gloria
1020 1637 1148 1683 venit:
1303 1644 1394 1684 421

107 1707 342 1766 Sanguine
369 1723 380 1759 ;
408 1714 511 1751 sunt
527 1704 614 1750 illis
636 1720 715 1749 sua
736 1703 916 1757 funera,
937 1718 1119 1764 parque
1135 1718 1217 1763 per
1236 1718 1398 1747 omnes

105 1773 386 1832 Tempestas
410 1787 421 1818 :
461 1787 545 1818 cur
571 1770 816 1816 indecores
841 1768 886 1814 in
912 1768 1068 1814 limine
1095 1771 1246 1829 primo

106 1837 402 1885 Deficimus?
427 1845 625 1884 curante
645 1837 807 1881 tubam
826 1842 1000 1880 tremor
1013 1845 1223 1896 occupat
1241 1833 1400 1881 artus?

106 1906 262 1951 Multa
307 1904 407 1953 dies
446 1905 663 1964 variique
691 1902 828 1947 labor
851 1900 1090 1947 mutabilis
1114 1901 1203 1948 aevi

106 1972 285 2017 Retulit
303 1971 347 2016 in
377 1971 570 2017 melius:
600 1969 774 2015 multos
794 1968 975 2014 alterna
996 1968 1202 2013 revisens

108 2039 256 2091 Lusit,
283 2046 330 2083 et
352 2039 396 2082 in
423 2036 577 2082 solido
603 2051 763 2082 rursus
790 2036 996 2081 Fortuna
1021 2034 1212 2080 locavit.

106 2103 215 2149 Non
239 2104 326 2149 erit
344 2104 518 2149 auxilio
537 2103 676 2148 nobis
703 2101 902 2156 AEtoluS,
928 2108 975 2147 et
998 2102 1144 2162 Arpi:

106 2172 170 2215 At
196 2169 446 2229 Messapus
468 2170 571 2227 erit,
594 2168 804 2229 felixque
829 2167 1125 2220 Tolumnius,
1150 2173 1196 2210 et
1222 2180 1344 2226 quos

106 2236 203 2281 Tot
226 2237 393 2297 populi
421 2237 583 2283 misere
610 2235 762 2281 duces
785 2251 796 2287 ;
836 2250 921 2279 nec
942 2247 1085 2295 parva
1111 2240 1334 2292 sequetur

108 2302 273 2349 Gloria
296 2302 511 2349 delectos
534 2301 670 2348 Latio
688 2309 736 2347 et
761 2300 1074 2347 Laurentibus
1093 2299 1233 2360 agris,
1302 2303 1393 2344 431

107 2369 194 2415 Est
217 2378 264 2414 et
290 2368 567 2415 Volscorum
590 2368 776 2429 egregia
801 2367 862 2413 de
888 2374 1027 2428 gente
1053 2364 1266 2420 Camilla,

109 2438 293 2497 Agmen'
317 2451 461 2497 agens
484 2435 720 2497 equitum,
740 2443 787 2481 et
814 2432 1034 2480 florentes
1058 2447 1148 2479 aere
1170 2438 1395 2478 catervas.
