1614 2694
117 68 181 126 20
449 90 499 124 ι’.
536 91 781 129 vmcxmt
830 92 1092 130 MAnos'is

117 183 480 245 Caucaseasque
502 182 645 230 refert
671 184 905 238 volucreS,
929 183 1204 245 furtumque
1224 183 1419 233 Prome-

249 248 365 294 thei.

117 314 204 360 His
227 314 460 376 adjungit,
488 316 647 378 Hylan
671 325 826 362 nautae
851 332 947 378 quo
974 317 1103 362 fonte
1128 317 1341 363 relictum

117 380 444 428 Clamassent:
482 391 532 428 ut
552 383 698 438 littus,
722 383 864 443 Hyla,
887 382 1031 443 Hyla,
1054 400 1192 429 omne
1213 391 1410 429 sonaret.

117 446 180 492 Et
204 446 512 504 fortunatam,
540 448 579 493 si
605 464 848 510 nunquam
874 457 1085 494 armenta
1109 448 1320 507 fuissent,

117 512 382 574 Pasiphaen
407 514 528 559 nivei
556 515 735 560 solatur
756 530 915 560 amore
933 515 1146 574 juvenci.

118 579 210 634 Ah,
237 579 369 640 virgo
394 580 571 636 infelix,
599 597 707 642 quae
733 588 782 626 te
808 581 1047 626 dementia
1071 581 1232 643 cepit?

117 644 345 691 Proetides
371 646 632 707 implerunt
657 646 786 692 falsis
814 647 1075 707 mugitibus
1099 663 1265 709 agros:

120 712 183 757 At
202 727 293 756 uon
314 720 406 757 tam
429 722 592 774 turpes
614 713 857 774 pecudum
880 722 1037 758 tamen
1057 713 1149 759 ulla
1170 725 1331 760 secuta
1352 722 1421 762 est

116 777 442 826 Concubitus:
472 779 688 840 quamvis
708 780 833 825 collo
853 779 1085 825 timuisset
1105 789 1329 838 aratrum,
1359 787 1422 829 50

112 843 177 889 Et
202 859 329 904 saepe
354 844 398 889 in
425 845 516 891 levi
541 847 787 907 quaesisset
811 861 991 891 cornua
1017 845 1190 893 fronte.

115 909 211 966 Ah,
238 910 369 971 virgo
393 911 575 966 infelix,
603 920 654 957 tu
679 928 805 957 nunc
831 911 876 956 in
904 913 1144 958 montibus
1171 913 1331 959 erras!

117 974 218 1032 Ille,
244 977 367 1023 latus
390 977 577 1025 niveum
604 977 735 1024 molli
758 978 905 1023 fultus
933 978 1209 1041 hyacintho,

113 1039 230 1088 llice
250 1045 339 1088 sub
365 1044 495 1105 nigra
520 1045 751 1104 pallentes
774 1045 981 1090 ruminat
1003 1045 1191 1102 lierbaS,

117 1116 216 1154 Aut
234 1109 439 1171 aliquam
461 1110 507 1156 in
529 1127 699 1173 niagno
724 1109 937 1172 sequitur
956 1128 1114 1173 grege.
1184 1109 1420 1160 Claudite,

245 1175 501 1237 Nymphae,

119 1239 317 1286 Dietaeae
344 1242 599 1305 Nyinpliae,
628 1259 873 1288 nemorum
894 1242 997 1303 jam
1019 1243 1228 1291 claudite
1249 1246 1421 1291 saltus:

118 1306 168 1352 Si
195 1306 289 1368 qua
315 1307 435 1355 forte
462 1310 614 1355 ferant
640 1309 790 1355 oculis
814 1326 916 1355 sese
939 1310 1083 1357 obvia
1106 1313 1274 1357 nostris

117 1373 397 1419 Errabunda
426 1375 558 1421 bovis
583 1375 790 1436 vestigia.
865 1375 1076 1421 Forsitan
1102 1377 1252 1432 illum,

117 1441 224 1486 Aut
250 1441 392 1486 herba
419 1450 614 1504 captum
642 1441 796 1496 viridi,
820 1449 901 1487 aut
928 1451 1140 1488 armenta
1166 1451 1402 1499 secutum,

118 1505 389 1553 Perducant
408 1508 580 1568 aliquae
601 1508 790 1553 stabula
809 1508 866 1552 ad
894 1508 1134 1570 Gortynia
1156 1527 1335 1556 vaccae.
1362 1508 1425 1557 60

117 1572 244 1618 Tum
273 1575 395 1619 canit
423 1573 743 1634 Hesperidum
769 1573 984 1619 miratam
1010 1575 1133 1620 mala
1157 1577 1391 1638 puellam:

116 1638 242 1684 'l'um
273 1639 669 1686 Phaethontiadas
697 1656 859 1685 musco
885 1639 1154 1686 circumdat
1178 1659 1350 1688 amarae

121 1705 341 1762 CorniciS,
369 1716 512 1768 atque
538 1707 641 1752 solo
666 1722 888 1768 proceras
913 1707 1043 1768 erigit
1069 1709 1215 1754 alnos.

119 1771 244 1817 Tum
273 1773 399 1818 cauit
425 1781 658 1819 errantem
682 1772 910 1818 Permessi
935 1775 992 1819 ad
1020 1773 1208 1819 flumina
1229 1775 1422 1822 Gallum

121 1839 279 1883 Aonas
304 1839 346 1883 in
373 1850 555 1884 montes
584 1847 633 1885 ut
658 1839 844 1885 duxerit
871 1855 959 1884 una
985 1856 1228 1891 sororum:

120 1904 284 1966 thue
311 1906 408 1951 viro
437 1906 606 1952 Phoebi
633 1907 808 1952 chorus
828 1908 1137 1951 assurrexerit
1161 1908 1341 1961 omnis;

119 1971 181 2016 Ut
211 1971 354 2017 Linus
381 1972 486 2018 liaec
512 1972 594 2028 illi,
622 1971 783 2019 (livino
810 1972 1033 2027 carmine,
1060 1983 1237 2033 pastor,

121 2037 337 2083 floribus
363 2048 509 2100 atque
532 2039 643 2100 api«)
667 2039 817 2084 crines
843 2047 1041 2083 ornatus
1067 2054 1244 2094 amam,

123 2103 333 2150 Dixerit:
375 2106 476 2151 Hos
492 2105 703 2151 tibidant
720 2105 946 2160 calanum,
969 2121 1026 2150 eu
1048 2105 1229 2165 accipe,
1254 2106 1422 2152 Musa»,

120 2173 318 2216 Ascraeo
344 2187 466 2232 quos
491 2181 599 2217 ante
624 2171 751 2217 seni:
791 2171 965 2232 quibus
991 2171 1066 2215 ille
1094 2171 1277 2217 solebat
1365 2180 1427 2226 70

122 2235 377 2282 Cantando
402 2238 578 2298 rigidas
603 2237 840 2284 deducere
868 2237 1110 2282 montibus
1135 2254 1294 2283 ornos.

122 2303 208 2348 His
235 2302 319 2348 tibi
345 2304 545 2365 Grynaei
571 2304 772 2350 nemoris
797 2303 985 2349 dicatur
1008 2303 1168 2364 origo:

121 2369 194 2414 Ne
222 2370 326 2430 quis
352 2370 411 2415 sit
436 2370 587 2425 lucus,
616 2387 712 2432 quo
739 2387 787 2416 se
813 2369 1090 2431 plusjactet
1119 2368 1305 2430 Apollo.

123 2435 250 2490 Quid
274 2435 445 2499 loquar
469 2444 520 2483 ut
545 2437 755 2499 Scyllam
789 2436 910 2491 Nisi,
948 2431 1090 2498 quain
1116 2434 1234 2481 fama
1281 2447 1425 2489 emta

251 2509 340 2554 est,
