1546 2686
527 122 792 158 AENElnos
834 120 942 156 1213.
983 120 1020 155 1.·
1360 112 1445 153 101

131 240 357 289 Constitit
377 239 472 294 hic,
493 255 752 302 arcumque
773 254 913 285 manu
935 238 1210 299 celeresque
1231 237 1430 300 sagittas

130 307 388 370 Corripuit,
415 304 540 353 fidus
565 322 674 369 quae
698 306 794 352 tela
819 305 1016 365 gerebat
1040 305 1266 359 Achates.
1359 311 1449 352 188

128 374 460 434 Ductoresque
484 372 614 435 ipsos
641 370 866 435 primum,
894 370 1052 433 capita
1076 371 1172 416 alta
1196 369 1396 416 ferentes

128 439 366 485 Cornibus
386 439 613 495 arboreis,
640 438 835 492 sternit;
861 436 1168 499 tumvulgus,
1195 443 1241 481 et
1265 452 1452 483 omnem

128 506 303 552 Miscet
326 522 469 567 agens
495 505 602 551 telis
628 520 820 552 nemora
845 503 967 550 inter
990 502 1191 548 frondea
1216 502 1422 548 turbam.

125 571 231 618 Nec
254 570 380 632 prius
403 571 610 627 absistit,
637 570 784 633 quam
807 578 988 632 septem
1016 568 1226 631 ingentia
1244 568 1399 614 victor

127 637 345 700 Corpora
369 637 540 685 fundat
564 638 713 693 humi,
740 644 790 684 et
811 652 1062 683 numerum
1087 652 1196 682 cum
1219 634 1421 681 navibus

261 712 436 767 aequet.

125 769 252 817 Hinc
277 778 469 834 portum
494 770 634 833 petit,
659 777 708 817 et
732 769 885 816 socios
911 768 1112 831 partitur
1135 768 1181 813 in
1204 783 1386 814 omnes.

124 836 260 891 Vina,
289 838 440 884 bonus
466 854 575 899 quae
600 836 771 882 deiude
797 836 926 883 cadis
952 835 1173 881 onerarat
1199 837 1401 880 Acestes

123 902 308 951 Littore
332 904 604 958 Trinacrio,
631 902 922 963 dederatque
948 900 1237 947 abeuntibus
1263 900 1420 956 heros,

124 969 330 1026 Dividit,
358 979 404 1017 et
429 970 574 1017 dictis
599 969 845 1016 moerentia
869 977 1069 1030 pectora
1093 966 1268 1012 mulcet
1289 981 1300 1012 :

125 1035 170 1081 O
196 1037 311 1083 socii
330 1040 501 1099 (neque
522 1036 645 1083 enim
671 1035 823 1097 ignari
847 1051 1009 1081 sumus
1035 1035 1149 1080 ante
1170 1033 1437 1091 malorum),

125 1102 170 1149 O
195 1103 323 1164 passi
348 1104 596 1164 graviora:
651 1101 785 1148 dabit
810 1102 940 1148 Deus
976 1101 1046 1146 his
1073 1116 1267 1162 quoque
1292 1097 1454 1146 finem.

123 1169 221 1215 Vos
246 1176 294 1216 et
318 1171 571 1232 Scyllaeam
610 1168 810 1224 rabiem,
838 1168 1124 1230 penitusque
1145 1174 1370 1212 sonantes

125 1236 346 1283 Accestis
367 1237 591 1299 scopulos
613 1251 624 1281 ι
662 1252 746 1281 vos
771 1244 817 1282 et
843 1235 1076 1297 Cyclopia
1098 1249 1208 1280 saxa
1360 1241 1452 1281 201

125 1303 356 1365 Experti:
393 1312 613 1350 revocate
648 1302 847 1357 animos,
875 1310 1197 1362 moestumque
1238 1300 1457 1346 timorem

127 1369 308 1416 Mittite
330 1386 341 1416 :
384 1371 540 1416 forsan
565 1376 615 1415 et
639 1369 742 1414 haec
767 1368 877 1413 olim
903 1367 1174 1414 meminisse
1192 1365 1401 1426 juvabit.

126 1436 218 1482 Per
242 1436 394 1484 varios
421 1452 577 1492 casus,
606 1450 690 1496 per
711 1443 784 1481 tot
808 1433 1083 1480 discrimina
1104 1449 1274 1488 rerum,

126 1502 395 1549 Tendimus
421 1503 468 1548 in
497 1502 714 1556 Latium;
755 1502 890 1546 sedes
917 1500 999 1546 ubi
1020 1499 1116 1546 fata
1144 1498 1328 1561 quiet-as

130 1569 408 1615 Ostendunt
429 1585 439 1614 ε
478 1568 570 1615 illic
592 1567 662 1613 fas
683 1583 826 1628 regna
850 1581 1094 1626 resurgere
1118 1565 1303 1626 Trojae.

128 1635 329 1692 Durate,
356 1644 404 1682 et
426 1642 613 1681 vosmet
630 1633 775 1680 rebus
800 1640 980 1679 servate
1006 1631 1244 1679 secundis.

194 1702 329 1748 Talia
353 1718 469 1749 voce
494 1701 637 1747 refert
657 1717 670 1754 ;
708 1699 928 1761 curisque
952 1698 1224 1759 ingentibus
1249 1714 1374 1760 aeger

130 1768 273 1827 Spem
300 1768 432 1815 vultu
458 1767 662 1823 simulat,
690 1765 858 1827 premit
882 1766 1031 1811 altum
1057 1765 1202 1812 corde
1227 1765 1457 1813 dolorem.

130 1834 206 1880 Illi
230 1851 277 1880 se
301 1835 477 1897 praedae
499 1834 760 1895 accingunt
785 1831 1089 1895 dapibusque
1115 1831 1303 1878 futuris,
1364 1839 1461 1881 210

131 1901 345 1963 Tergora
369 1900 611 1963 deripiunt
631 1900 796 1954 costis,
824 1908 868 1944 et
895 1899 1076 1945 viscera
1101 1897 1313 1944 nudant:

131 1968 244 2014 Pars
260 1968 305 2014 in
325 1967 475 2015 frusta
491 1973 671 2022 secant,
694 1964 1001 2027 verubusque
1023 1965 1269 2011 trementia
1289 1962 1459 2026 figunt.

132 2033 312 2080 Littore
350 2040 467 2082 aena
507 2034 668 2081 locant
700 2032 797 2087 alii,
835 2030 1146 2093 flammasque
1180 2030 1460 2077 ministrant.

131 2101 258 2146 Tum
285 2100 413 2148 victu
439 2108 668 2148 revocant
692 2099 844 2153 vires3
895 2097 1084 2160 fusique
1121 2114 1207 2160 per
1248 2098 1460 2153 herbam,

134 2167 399 2228 Implentur
423 2168 595 2214 veteris
622 2165 815 2223 Bacchi,
841 2164 1124 2228 pinguisque
1149 2163 1327 2210 ferinae.

205 2235 467 2296 Postquam
487 2241 673 2281 exemta
696 2232 843 2279 sames
884 2232 1053 2293 epulis,
1082 2247 1347 2292 mensaeque
1390 2246 1463 2276 re-

137 2299 350 2347 Amissos
377 2301 520 2361 longo
544 2300 700 2348 socios
726 2313 933 2345 sermone
953 2298 1215 2360 requirunt,
1277 2298 1459 2360 [motae,

137 2366 380 2428 Spemque
399 2376 677 2431 metumque
700 2367 817 2412 inter
853 2364 1014 2412 dubii:
1052 2381 1138 2412 seu
1175 2364 1328 2410 vivere
1365 2379 1463 2410 cre-

270 2432 401 2488 daut,

140 2498 250 2546 Sive
274 2507 483 2545 extrema
507 2499 626 2562 pati,
664 2515 754 2546 nec
771 2496 875 2558 jam
895 2497 1122 2545 exaudire
1148 2504 1361 2543 vocatos,

141 2565 390 2628 Praecipue
417 2565 518 2628 pius
542 2567 728 2619 AEueas.
756 2582 881 2612 nunc
903 2566 1021 2611 acris
1045 2563 1260 2620 Orontei‚
1368 2568 1462 2610 220
