<?xml version="1.0" encoding="UTF-8"?>
<!DOCTYPE html PUBLIC "-//W3C//DTD XHTML 1.0 Transitional//EN"
    "http://www.w3.org/TR/xhtml1/DTD/xhtml1-transitional.dtd">
<html xmlns="http://www.w3.org/1999/xhtml" xml:lang="en" lang="en">
 <head>
  <title>
</title>
<meta http-equiv="Content-Type" content="text/html;charset=utf-8" />
  <meta name='ocr-system' content='tesseract 3.04.00' />
  <meta name='ocr-capabilities' content='ocr_page ocr_carea ocr_par ocr_line ocrx_word'/>
</head>
<body>
  <div class='ocr_page' id='page_1' title='image "./operaadfidemopti00virguoft/operaadfidemopti00virguoft_0143.png"; bbox 0 0 1607 2700; ppageno 0'>
   <div class='ocr_carea' id='block_1_1' title="bbox 551 124 1520 172">
    <p class='ocr_par' dir='ltr' id='par_1_1' title="bbox 551 124 1520 172">
     <span class='ocr_line' id='line_1_1' title="bbox 551 124 1520 172; baseline -0.002 -6"><span class='ocrx_word' id='word_1_1' title='bbox 551 131 811 166; x_wconf 80' lang='lat' dir='ltr'><strong>AENEIDOS</strong></span> <span class='ocrx_word' id='word_1_2' title='bbox 855 132 963 166; x_wconf 89' lang='lat' dir='ltr'>LIB.</span> <span class='ocrx_word' id='word_1_3' title='bbox 998 133 1059 166; x_wconf 87' lang='lat'><strong>11.</strong></span> <span class='ocrx_word' id='word_1_4' title='bbox 1431 124 1520 172; x_wconf 83' lang='lat'><strong>139</strong></span> 
     </span>
    </p>
   </div>
   <div class='ocr_carea' id='block_1_2' title="bbox 194 249 1520 2653">
    <p class='ocr_par' dir='ltr' id='par_1_2' title="bbox 198 249 1520 445">
     <span class='ocr_line' id='line_1_2' title="bbox 198 249 1454 316; baseline -0.004 -15"><span class='ocrx_word' id='word_1_5' title='bbox 198 252 307 316; x_wconf 87' lang='lat' dir='ltr'><strong>Ipse</strong></span> <span class='ocrx_word' id='word_1_6' title='bbox 333 253 495 300; x_wconf 89' lang='lat' dir='ltr'><strong>urbem</strong></span> <span class='ocrx_word' id='word_1_7' title='bbox 517 258 697 314; x_wconf 86' lang='lat' dir='ltr'><strong>repeto,</strong></span> <span class='ocrx_word' id='word_1_8' title='bbox 719 258 765 297; x_wconf 90' lang='lat' dir='ltr'><strong>et</strong></span> <span class='ocrx_word' id='word_1_9' title='bbox 790 250 957 312; x_wconf 87' lang='lat' dir='ltr'><strong>cingor</strong></span> <span class='ocrx_word' id='word_1_10' title='bbox 982 249 1270 311; x_wconf 78' lang='lat' dir='ltr'><strong>fulgentibus</strong></span> <span class='ocrx_word' id='word_1_11' title='bbox 1296 250 1454 296; x_wconf 81' lang='lat' dir='ltr'><strong>armis.</strong></span> 
     </span>
     <span class='ocr_line' id='line_1_3' title="bbox 198 316 1520 378; baseline -0.004 -11"><span class='ocrx_word' id='word_1_12' title='bbox 198 322 303 368; x_wconf 82' lang='lat' dir='ltr'>Stat</span> <span class='ocrx_word' id='word_1_13' title='bbox 326 335 461 365; x_wconf 90' lang='lat' dir='ltr'><strong>casus</strong></span> <span class='ocrx_word' id='word_1_14' title='bbox 478 333 702 365; x_wconf 82' lang='lat' dir='ltr'><strong>renovare</strong></span> <span class='ocrx_word' id='word_1_15' title='bbox 723 334 904 372; x_wconf 87' lang='lat' dir='ltr'><strong>omnes,</strong></span> <span class='ocrx_word' id='word_1_16' title='bbox 927 332 1210 378; x_wconf 86' lang='lat' dir='ltr'><strong>omnemque</strong></span> <span class='ocrx_word' id='word_1_17' title='bbox 1232 316 1399 364; x_wconf 85' lang='lat' dir='ltr'><strong>reverti</strong></span> <span class='ocrx_word' id='word_1_18' title='bbox 1424 323 1520 371; x_wconf 86' lang='lat'><strong>750</strong></span> 
     </span>
     <span class='ocr_line' id='line_1_4' title="bbox 198 382 1451 445; baseline -0.003 -11"><span class='ocrx_word' id='word_1_19' title='bbox 198 387 288 434; x_wconf 91' lang='lat' dir='ltr'><strong>Per</strong></span> <span class='ocrx_word' id='word_1_20' title='bbox 310 383 528 445; x_wconf 86' lang='lat' dir='ltr'><strong>Trojam‚</strong></span> <span class='ocrx_word' id='word_1_21' title='bbox 557 392 604 432; x_wconf 88' lang='lat' dir='ltr'><strong>et</strong></span> <span class='ocrx_word' id='word_1_22' title='bbox 628 401 785 431; x_wconf 83' lang='lat' dir='ltr'><strong>rursus</strong></span> <span class='ocrx_word' id='word_1_23' title='bbox 806 393 951 445; x_wconf 79' lang='lat' dir='ltr'><strong>caput</strong></span> <span class='ocrx_word' id='word_1_24' title='bbox 977 382 1221 443; x_wconf 74' lang='lat' dir='ltr'><strong>objectare</strong></span> <span class='ocrx_word' id='word_1_25' title='bbox 1247 384 1451 443; x_wconf 86' lang='lat' dir='ltr'><strong>periclis.</strong></span> 
     </span>
    </p>

    <p class='ocr_par' dir='ltr' id='par_1_3' title="bbox 194 449 1520 1500">
     <span class='ocr_line' id='line_1_5' title="bbox 263 449 1414 514; baseline -0.002 -16"><span class='ocrx_word' id='word_1_26' title='bbox 263 451 505 514; x_wconf 90' lang='lat' dir='ltr'><strong>Principio</strong></span> <span class='ocrx_word' id='word_1_27' title='bbox 529 468 705 508; x_wconf 87' lang='lat' dir='ltr'><strong>muros,</strong></span> <span class='ocrx_word' id='word_1_28' title='bbox 734 451 1040 512; x_wconf 77' lang='lat' dir='ltr'>obscuraque</span> <span class='ocrx_word' id='word_1_29' title='bbox 1065 449 1228 494; x_wconf 82' lang='lat' dir='ltr'><strong>limina</strong></span> <span class='ocrx_word' id='word_1_30' title='bbox 1251 458 1414 509; x_wconf 72' lang='lat' dir='ltr'><strong>portae,</strong></span> 
     </span>
     <span class='ocr_line' id='line_1_6' title="bbox 195 515 1514 581; baseline -0.002 -16"><span class='ocrx_word' id='word_1_31' title='bbox 195 517 306 574; x_wconf 67' lang='lat' dir='ltr'><strong>Qua</strong></span> <span class='ocrx_word' id='word_1_32' title='bbox 331 534 541 581; x_wconf 84' lang='lat' dir='ltr'>gressum</span> <span class='ocrx_word' id='word_1_33' title='bbox 568 520 847 574; x_wconf 72' lang='lat' dir='ltr'><strong>extuleram,</strong></span> <span class='ocrx_word' id='word_1_34' title='bbox 875 524 1036 578; x_wconf 83' lang='lat' dir='ltr'><strong>repeto</strong></span> <span class='ocrx_word' id='word_1_35' title='bbox 1058 532 1069 570; x_wconf 92' lang='lat'>;</span> <span class='ocrx_word' id='word_1_36' title='bbox 1107 523 1154 561; x_wconf 90' lang='lat' dir='ltr'><strong>et</strong></span> <span class='ocrx_word' id='word_1_37' title='bbox 1180 515 1375 576; x_wconf 80' lang='lat' dir='ltr'><strong>vestigia</strong></span> <span class='ocrx_word' id='word_1_38' title='bbox 1397 525 1514 563; x_wconf 80' lang='lat' dir='ltr'><strong>retro</strong></span> 
     </span>
     <span class='ocr_line' id='line_1_7' title="bbox 197 582 1475 650; baseline -0.002 -18"><span class='ocrx_word' id='word_1_39' title='bbox 197 586 468 632; x_wconf 90' lang='lat' dir='ltr'><strong>Observata</strong></span> <span class='ocrx_word' id='word_1_40' title='bbox 493 602 667 650; x_wconf 87' lang='lat' dir='ltr'><strong>sequor</strong></span> <span class='ocrx_word' id='word_1_41' title='bbox 691 602 777 649; x_wconf 90' lang='lat' dir='ltr'><strong>per</strong></span> <span class='ocrx_word' id='word_1_42' title='bbox 802 592 1010 638; x_wconf 87' lang='lat' dir='ltr'><strong>noctem,</strong></span> <span class='ocrx_word' id='word_1_43' title='bbox 1037 590 1086 629; x_wconf 90' lang='lat' dir='ltr'><strong>et</strong></span> <span class='ocrx_word' id='word_1_44' title='bbox 1111 582 1287 628; x_wconf 86' lang='lat' dir='ltr'><strong>lumine</strong></span> <span class='ocrx_word' id='word_1_45' title='bbox 1314 583 1475 629; x_wconf 81' lang='lat' dir='ltr'><strong>lustro.</strong></span> 
     </span>
     <span class='ocr_line' id='line_1_8' title="bbox 195 649 1518 716; baseline -0.002 -18"><span class='ocrx_word' id='word_1_46' title='bbox 195 651 380 698; x_wconf 90' lang='lat' dir='ltr'><strong>Horror</strong></span> <span class='ocrx_word' id='word_1_47' title='bbox 404 651 583 716; x_wconf 88' lang='lat' dir='ltr'><strong>ubique</strong></span> <span class='ocrx_word' id='word_1_48' title='bbox 604 653 803 707; x_wconf 73' lang='lat' dir='ltr'><strong>animoS,</strong></span> <span class='ocrx_word' id='word_1_49' title='bbox 826 651 966 698; x_wconf 88' lang='lat' dir='ltr'><strong>simul</strong></span> <span class='ocrx_word' id='word_1_50' title='bbox 992 650 1095 712; x_wconf 84' lang='lat' dir='ltr'><strong>ipsa</strong></span> <span class='ocrx_word' id='word_1_51' title='bbox 1121 649 1309 696; x_wconf 86' lang='lat' dir='ltr'><strong>silentia</strong></span> <span class='ocrx_word' id='word_1_52' title='bbox 1329 657 1518 696; x_wconf 89' lang='lat' dir='ltr'><strong>terrent.</strong></span> 
     </span>
     <span class='ocr_line' id='line_1_9' title="bbox 194 716 1418 780; baseline -0.002 -16"><span class='ocrx_word' id='word_1_53' title='bbox 194 717 313 764; x_wconf 91' lang='lat' dir='ltr'><strong>Inde</strong></span> <span class='ocrx_word' id='word_1_54' title='bbox 339 717 553 777; x_wconf 88' lang='lat' dir='ltr'><strong>domum,</strong></span> <span class='ocrx_word' id='word_1_55' title='bbox 581 720 617 766; x_wconf 90' lang='lat' dir='ltr'><strong>si</strong></span> <span class='ocrx_word' id='word_1_56' title='bbox 643 720 762 766; x_wconf 73' lang='lat' dir='ltr'><strong>forte</strong></span> <span class='ocrx_word' id='word_1_57' title='bbox 790 718 981 780; x_wconf 91' lang='lat' dir='ltr'><strong>pedem,</strong></span> <span class='ocrx_word' id='word_1_58' title='bbox 1010 717 1047 762; x_wconf 86' lang='lat' dir='ltr'><strong>si</strong></span> <span class='ocrx_word' id='word_1_59' title='bbox 1072 716 1194 763; x_wconf 77' lang='lat' dir='ltr'><strong>forte</strong></span> <span class='ocrx_word' id='word_1_60' title='bbox 1217 716 1418 771; x_wconf 77' lang='lat' dir='ltr'><strong>tulisset,</strong></span> 
     </span>
     <span class='ocr_line' id='line_1_10' title="bbox 195 784 1519 840; baseline -0.002 -10"><span class='ocrx_word' id='word_1_61' title='bbox 195 785 279 831; x_wconf 91' lang='lat' dir='ltr'><strong>Me</strong></span> <span class='ocrx_word' id='word_1_62' title='bbox 304 784 484 832; x_wconf 86' lang='lat' dir='ltr'><strong>refero:</strong></span> <span class='ocrx_word' id='word_1_63' title='bbox 522 787 755 834; x_wconf 86' lang='lat' dir='ltr'><strong>irruerant</strong></span> <span class='ocrx_word' id='word_1_64' title='bbox 771 785 941 840; x_wconf 85' lang='lat' dir='ltr'><strong>Danai,</strong></span> <span class='ocrx_word' id='word_1_65' title='bbox 964 792 1009 830; x_wconf 90' lang='lat' dir='ltr'><strong>et</strong></span> <span class='ocrx_word' id='word_1_66' title='bbox 1031 792 1212 830; x_wconf 88' lang='lat' dir='ltr'><strong>tectum</strong></span> <span class='ocrx_word' id='word_1_67' title='bbox 1234 799 1371 828; x_wconf 88' lang='lat' dir='ltr'><strong>omne</strong></span> <span class='ocrx_word' id='word_1_68' title='bbox 1390 791 1519 828; x_wconf 86' lang='lat' dir='ltr'><strong>tene-</strong></span> 
     </span>
     <span class='ocr_line' id='line_1_11' title="bbox 194 850 1517 913; baseline -0.001 -16"><span class='ocrx_word' id='word_1_69' title='bbox 194 850 331 898; x_wconf 80' lang='lat' dir='ltr'><strong>Ilicet</strong></span> <span class='ocrx_word' id='word_1_70' title='bbox 349 851 470 913; x_wconf 83' lang='lat' dir='ltr'><strong>ignis</strong></span> <span class='ocrx_word' id='word_1_71' title='bbox 495 853 616 900; x_wconf 82' lang='lat' dir='ltr'><strong>edax</strong></span> <span class='ocrx_word' id='word_1_72' title='bbox 641 869 825 899; x_wconf 86' lang='lat' dir='ltr'><strong>summa</strong></span> <span class='ocrx_word' id='word_1_73' title='bbox 850 854 908 898; x_wconf 77' lang='lat' dir='ltr'><strong>ad</strong></span> <span class='ocrx_word' id='word_1_74' title='bbox 938 850 1123 913; x_wconf 80' lang='lat' dir='ltr'><strong>fastigia</strong></span> <span class='ocrx_word' id='word_1_75' title='bbox 1150 857 1292 896; x_wconf 82' lang='lat' dir='ltr'><strong>vento</strong></span> <span class='ocrx_word' id='word_1_76' title='bbox 1364 850 1517 911; x_wconf 84' lang='lat' dir='ltr'><strong>[bant.</strong></span> 
     </span>
     <span class='ocr_line' id='line_1_12' title="bbox 195 916 1520 981; baseline -0.002 -18"><span class='ocrx_word' id='word_1_77' title='bbox 195 917 438 973; x_wconf 88' lang='lat' dir='ltr'><strong>Volvitur;</strong></span> <span class='ocrx_word' id='word_1_78' title='bbox 466 928 752 981; x_wconf 84' lang='lat' dir='ltr'><strong>exsuperant</strong></span> <span class='ocrx_word' id='word_1_79' title='bbox 777 919 997 972; x_wconf 84' lang='lat' dir='ltr'><strong>flammae,</strong></span> <span class='ocrx_word' id='word_1_80' title='bbox 1038 916 1150 963; x_wconf 86' lang='lat' dir='ltr'><strong>furit</strong></span> <span class='ocrx_word' id='word_1_81' title='bbox 1175 924 1314 962; x_wconf 74' lang='lat' dir='ltr'><strong>aestus</strong></span> <span class='ocrx_word' id='word_1_82' title='bbox 1340 917 1399 962; x_wconf 85' lang='lat' dir='ltr'><strong>ad</strong></span> <span class='ocrx_word' id='word_1_83' title='bbox 1438 933 1520 962; x_wconf 87' lang='lat' dir='ltr'><strong>au·</strong></span> 
     </span>
     <span class='ocr_line' id='line_1_13' title="bbox 195 984 1515 1046; baseline -0.003 -14"><span class='ocrx_word' id='word_1_84' title='bbox 195 984 415 1032; x_wconf 83' lang='lat' dir='ltr'><strong>Procedo</strong></span> <span class='ocrx_word' id='word_1_85' title='bbox 438 987 496 1033; x_wconf 84' lang='lat' dir='ltr'><strong>ad</strong></span> <span class='ocrx_word' id='word_1_86' title='bbox 525 987 698 1033; x_wconf 79' lang='lat' dir='ltr'><strong>Priami</strong></span> <span class='ocrx_word' id='word_1_87' title='bbox 727 986 880 1042; x_wconf 85' lang='lat' dir='ltr'><strong>sedes,</strong></span> <span class='ocrx_word' id='word_1_88' title='bbox 906 1001 1159 1046; x_wconf 75' lang='lat' dir='ltr'><strong>arcemque</strong></span> <span class='ocrx_word' id='word_1_89' title='bbox 1186 984 1356 1029; x_wconf 86' lang='lat' dir='ltr'><strong>reviso.</strong></span> <span class='ocrx_word' id='word_1_90' title='bbox 1406 985 1515 1045; x_wconf 82' lang='lat' dir='ltr'><strong>[ras.</strong></span> 
     </span>
     <span class='ocr_line' id='line_1_14' title="bbox 197 1050 1511 1115; baseline -0.002 -17"><span class='ocrx_word' id='word_1_91' title='bbox 197 1053 256 1098; x_wconf 91' lang='lat' dir='ltr'><strong>Et</strong></span> <span class='ocrx_word' id='word_1_92' title='bbox 272 1051 376 1113; x_wconf 85' lang='lat' dir='ltr'><strong>jam</strong></span> <span class='ocrx_word' id='word_1_93' title='bbox 402 1055 666 1115; x_wconf 84' lang='lat' dir='ltr'><strong>porticibus</strong></span> <span class='ocrx_word' id='word_1_94' title='bbox 685 1052 865 1108; x_wconf 82' lang='lat' dir='ltr'><strong>vacuis,</strong></span> <span class='ocrx_word' id='word_1_95' title='bbox 893 1052 1094 1101; x_wconf 80' lang='lat' dir='ltr'><strong>Junonis</strong></span> <span class='ocrx_word' id='word_1_96' title='bbox 1115 1051 1262 1113; x_wconf 79' lang='lat' dir='ltr'><strong>asy10,</strong></span> <span class='ocrx_word' id='word_1_97' title='bbox 1424 1050 1511 1104; x_wconf 75' lang='lat'><strong>761</strong></span> 
     </span>
     <span class='ocr_line' id='line_1_15' title="bbox 196 1118 1254 1180; baseline -0.003 -15"><span class='ocrx_word' id='word_1_98' title='bbox 196 1118 434 1166; x_wconf 73' lang='lat' dir='ltr'><strong>Custodes</strong></span> <span class='ocrx_word' id='word_1_99' title='bbox 459 1121 570 1169; x_wconf 84' lang='lat' dir='ltr'><strong>lecti</strong></span> <span class='ocrx_word' id='word_1_100' title='bbox 596 1120 795 1167; x_wconf 83' lang='lat' dir='ltr'><strong>Phoenix</strong></span> <span class='ocrx_word' id='word_1_101' title='bbox 820 1128 866 1166; x_wconf 88' lang='lat' dir='ltr'><strong>et</strong></span> <span class='ocrx_word' id='word_1_102' title='bbox 891 1119 1017 1165; x_wconf 85' lang='lat' dir='ltr'><strong>dirus</strong></span> <span class='ocrx_word' id='word_1_103' title='bbox 1054 1118 1254 1180; x_wconf 67' lang='lat' dir='ltr'><strong>Ul)·sses</strong></span> 
     </span>
     <span class='ocr_line' id='line_1_16' title="bbox 195 1184 1463 1246; baseline -0.002 -16"><span class='ocrx_word' id='word_1_104' title='bbox 195 1184 413 1233; x_wconf 85' lang='lat' dir='ltr'><strong>Praedam</strong></span> <span class='ocrx_word' id='word_1_105' title='bbox 439 1189 776 1234; x_wconf 79' lang='lat' dir='ltr'><strong>asservabant:</strong></span> <span class='ocrx_word' id='word_1_106' title='bbox 817 1187 911 1232; x_wconf 85' lang='lat' dir='ltr'><strong>huc</strong></span> <span class='ocrx_word' id='word_1_107' title='bbox 939 1186 1149 1246; x_wconf 71' lang='lat' dir='ltr'><strong>undique</strong></span> <span class='ocrx_word' id='word_1_108' title='bbox 1175 1186 1320 1230; x_wconf 72' lang='lat' dir='ltr'><strong>Troia</strong></span> <span class='ocrx_word' id='word_1_109' title='bbox 1346 1199 1463 1245; x_wconf 83' lang='lat' dir='ltr'><strong>gaza</strong></span> 
     </span>
     <span class='ocr_line' id='line_1_17' title="bbox 195 1252 1349 1317; baseline -0.003 -19"><span class='ocrx_word' id='word_1_110' title='bbox 195 1252 410 1300; x_wconf 84' lang='lat' dir='ltr'><strong>lucensis</strong></span> <span class='ocrx_word' id='word_1_111' title='bbox 431 1263 597 1317; x_wconf 89' lang='lat' dir='ltr'><strong>erepta</strong></span> <span class='ocrx_word' id='word_1_112' title='bbox 621 1255 792 1317; x_wconf 61' lang='lat' dir='ltr'><strong>adytis,</strong></span> <span class='ocrx_word' id='word_1_113' title='bbox 820 1269 1093 1313; x_wconf 54' lang='lat' dir='ltr'><strong>mens-„eque</strong></span> <span class='ocrx_word' id='word_1_114' title='bbox 1123 1252 1349 1306; x_wconf 85' lang='lat' dir='ltr'><strong>Deorum,</strong></span> 
     </span>
     <span class='ocr_line' id='line_1_18' title="bbox 196 1317 1317 1383; baseline -0.004 -17"><span class='ocrx_word' id='word_1_115' title='bbox 196 1319 510 1383; x_wconf 82' lang='lat' dir='ltr'><strong>Crateresque</strong></span> <span class='ocrx_word' id='word_1_116' title='bbox 536 1338 653 1368; x_wconf 83' lang='lat' dir='ltr'><strong>auro</strong></span> <span class='ocrx_word' id='word_1_117' title='bbox 679 1320 832 1374; x_wconf 86' lang='lat' dir='ltr'><strong>solidi,</strong></span> <span class='ocrx_word' id='word_1_118' title='bbox 862 1319 1147 1381; x_wconf 77' lang='lat' dir='ltr'><strong>captivaque</strong></span> <span class='ocrx_word' id='word_1_119' title='bbox 1176 1317 1317 1363; x_wconf 81' lang='lat' dir='ltr'><strong>vestis</strong></span> 
     </span>
     <span class='ocr_line' id='line_1_19' title="bbox 196 1384 1514 1450; baseline -0.002 -18"><span class='ocrx_word' id='word_1_120' title='bbox 196 1386 507 1449; x_wconf 83' lang='lat' dir='ltr'><strong>Congeritur:</strong></span> <span class='ocrx_word' id='word_1_121' title='bbox 545 1388 679 1450; x_wconf 89' lang='lat' dir='ltr'><strong>pueri</strong></span> <span class='ocrx_word' id='word_1_122' title='bbox 704 1396 752 1434; x_wconf 89' lang='lat' dir='ltr'><strong>et</strong></span> <span class='ocrx_word' id='word_1_123' title='bbox 777 1386 966 1449; x_wconf 81' lang='lat' dir='ltr'><strong>pavidae</strong></span> <span class='ocrx_word' id='word_1_124' title='bbox 992 1385 1132 1446; x_wconf 85' lang='lat' dir='ltr'><strong>longo</strong></span> <span class='ocrx_word' id='word_1_125' title='bbox 1153 1384 1317 1431; x_wconf 85' lang='lat' dir='ltr'><strong>ordine</strong></span> <span class='ocrx_word' id='word_1_126' title='bbox 1343 1392 1514 1429; x_wconf 77' lang='lat' dir='ltr'><strong>matres</strong></span> 
     </span>
     <span class='ocr_line' id='line_1_20' title="bbox 197 1453 560 1500; baseline 0.003 -1"><span class='ocrx_word' id='word_1_127' title='bbox 197 1453 338 1499; x_wconf 79' lang='lat' dir='ltr'><strong>Stant</strong></span> <span class='ocrx_word' id='word_1_128' title='bbox 361 1453 560 1500; x_wconf 71' lang='lat' dir='ltr'><strong>circum.</strong></span> 
     </span>
    </p>

    <p class='ocr_par' dir='ltr' id='par_1_4' title="bbox 194 1517 1514 2117">
     <span class='ocr_line' id='line_1_21' title="bbox 262 1517 1443 1583; baseline -0.004 -17"><span class='ocrx_word' id='word_1_129' title='bbox 262 1521 422 1566; x_wconf 86' lang='lat' dir='ltr'><strong>Ausus</strong></span> <span class='ocrx_word' id='word_1_130' title='bbox 448 1520 707 1583; x_wconf 88' lang='lat' dir='ltr'><strong>quinetiam</strong></span> <span class='ocrx_word' id='word_1_131' title='bbox 730 1535 869 1566; x_wconf 89' lang='lat' dir='ltr'><strong>voces</strong></span> <span class='ocrx_word' id='word_1_132' title='bbox 887 1517 1073 1578; x_wconf 87' lang='lat' dir='ltr'><strong>jactare</strong></span> <span class='ocrx_word' id='word_1_133' title='bbox 1100 1532 1183 1579; x_wconf 87' lang='lat' dir='ltr'><strong>per</strong></span> <span class='ocrx_word' id='word_1_134' title='bbox 1209 1517 1443 1579; x_wconf 68' lang='lat' dir='ltr'><strong>umbram,</strong></span> 
     </span>
     <span class='ocr_line' id='line_1_22' title="bbox 196 1582 1514 1648; baseline -0.002 -17"><span class='ocrx_word' id='word_1_135' title='bbox 196 1585 395 1648; x_wconf 87' lang='lat' dir='ltr'><strong>Implevi</strong></span> <span class='ocrx_word' id='word_1_136' title='bbox 420 1587 628 1634; x_wconf 87' lang='lat' dir='ltr'><strong>elamore</strong></span> <span class='ocrx_word' id='word_1_137' title='bbox 656 1587 772 1642; x_wconf 88' lang='lat' dir='ltr'><strong>vias,</strong></span> <span class='ocrx_word' id='word_1_138' title='bbox 802 1594 1093 1647; x_wconf 86' lang='lat' dir='ltr'><strong>inoestusque</strong></span> <span class='ocrx_word' id='word_1_139' title='bbox 1121 1585 1345 1631; x_wconf 76' lang='lat' dir='ltr'><strong>Creiisani</strong></span> <span class='ocrx_word' id='word_1_140' title='bbox 1373 1582 1514 1647; x_wconf 80' lang='lat' dir='ltr'><strong>[cavi.</strong></span> 
     </span>
     <span class='ocr_line' id='line_1_23' title="bbox 195 1651 1511 1716; baseline -0.003 -17"><span class='ocrx_word' id='word_1_141' title='bbox 195 1652 532 1716; x_wconf 83' lang='lat' dir='ltr'><strong>Nequicquam</strong></span> <span class='ocrx_word' id='word_1_142' title='bbox 547 1653 858 1716; x_wconf 85' lang='lat' dir='ltr'><strong>ingeminans,</strong></span> <span class='ocrx_word' id='word_1_143' title='bbox 871 1653 1134 1713; x_wconf 88' lang='lat' dir='ltr'><strong>iterumque</strong></span> <span class='ocrx_word' id='word_1_144' title='bbox 1152 1651 1420 1714; x_wconf 86' lang='lat' dir='ltr'><strong>iterumque</strong></span> <span class='ocrx_word' id='word_1_145' title='bbox 1434 1667 1511 1695; x_wconf 92' lang='lat' dir='ltr'><strong>vo-</strong></span> 
     </span>
     <span class='ocr_line' id='line_1_24' title="bbox 197 1717 1509 1777; baseline -0.002 -12"><span class='ocrx_word' id='word_1_146' title='bbox 197 1719 457 1777; x_wconf 83' lang='lat' dir='ltr'><strong>Quaerenti‚</strong></span> <span class='ocrx_word' id='word_1_147' title='bbox 485 1729 532 1768; x_wconf 92' lang='lat' dir='ltr'><strong>et</strong></span> <span class='ocrx_word' id='word_1_148' title='bbox 557 1720 695 1767; x_wconf 77' lang='lat' dir='ltr'><strong>tectis</strong></span> <span class='ocrx_word' id='word_1_149' title='bbox 723 1720 853 1766; x_wconf 88' lang='lat' dir='ltr'><strong>urbis</strong></span> <span class='ocrx_word' id='word_1_150' title='bbox 879 1720 977 1766; x_wconf 89' lang='lat' dir='ltr'><strong>sine</strong></span> <span class='ocrx_word' id='word_1_151' title='bbox 1003 1717 1097 1765; x_wconf 87' lang='lat' dir='ltr'><strong>fine</strong></span> <span class='ocrx_word' id='word_1_152' title='bbox 1123 1717 1315 1773; x_wconf 85' lang='lat' dir='ltr'><strong>furenti,</strong></span> <span class='ocrx_word' id='word_1_153' title='bbox 1421 1726 1509 1773; x_wconf 88' lang='grc'><strong>771</strong></span> 
     </span>
     <span class='ocr_line' id='line_1_25' title="bbox 196 1784 1451 1849; baseline 0 -17"><span class='ocrx_word' id='word_1_154' title='bbox 196 1784 365 1833; x_wconf 79' lang='lat' dir='ltr'><strong>Infelix</strong></span> <span class='ocrx_word' id='word_1_155' title='bbox 391 1787 693 1835; x_wconf 84' lang='lat' dir='ltr'><strong>simulacrum</strong></span> <span class='ocrx_word' id='word_1_156' title='bbox 719 1795 864 1848; x_wconf 87' lang='lat' dir='ltr'><strong>atque</strong></span> <span class='ocrx_word' id='word_1_157' title='bbox 891 1785 1038 1849; x_wconf 89' lang='lat' dir='ltr'><strong>ipsius</strong></span> <span class='ocrx_word' id='word_1_158' title='bbox 1066 1785 1233 1832; x_wconf 88' lang='lat' dir='ltr'><strong>umbra</strong></span> <span class='ocrx_word' id='word_1_159' title='bbox 1259 1786 1451 1833; x_wconf 80' lang='lat' dir='ltr'><strong>Creiisae</strong></span> 
     </span>
     <span class='ocr_line' id='line_1_26' title="bbox 196 1852 1384 1914; baseline 0 -16"><span class='ocrx_word' id='word_1_160' title='bbox 196 1853 310 1900; x_wconf 89' lang='lat' dir='ltr'><strong>Visa</strong></span> <span class='ocrx_word' id='word_1_161' title='bbox 335 1854 451 1900; x_wconf 83' lang='lat' dir='ltr'><strong>mihi</strong></span> <span class='ocrx_word' id='word_1_162' title='bbox 475 1865 584 1902; x_wconf 75' lang='lat' dir='ltr'><strong>ante</strong></span> <span class='ocrx_word' id='word_1_163' title='bbox 608 1855 790 1910; x_wconf 88' lang='lat' dir='ltr'><strong>oculos,</strong></span> <span class='ocrx_word' id='word_1_164' title='bbox 818 1864 866 1900; x_wconf 90' lang='lat' dir='ltr'><strong>et</strong></span> <span class='ocrx_word' id='word_1_165' title='bbox 891 1854 1004 1899; x_wconf 69' lang='lat' dir='ltr'><strong>nota</strong></span> <span class='ocrx_word' id='word_1_166' title='bbox 1031 1852 1183 1913; x_wconf 84' lang='lat' dir='ltr'><strong>major</strong></span> <span class='ocrx_word' id='word_1_167' title='bbox 1209 1852 1384 1914; x_wconf 82' lang='lat' dir='ltr'><strong>imago.</strong></span> 
     </span>
     <span class='ocr_line' id='line_1_27' title="bbox 196 1919 1434 1984; baseline 0 -18"><span class='ocrx_word' id='word_1_168' title='bbox 196 1920 458 1983; x_wconf 86' lang='lat' dir='ltr'><strong>Obstupui,</strong></span> <span class='ocrx_word' id='word_1_169' title='bbox 484 1930 810 1984; x_wconf 84' lang='lat' dir='ltr'><strong>steteruntque</strong></span> <span class='ocrx_word' id='word_1_170' title='bbox 832 1936 998 1975; x_wconf 85' lang='lat' dir='ltr'><strong>comae,</strong></span> <span class='ocrx_word' id='word_1_171' title='bbox 1025 1928 1069 1965; x_wconf 84' lang='lat' dir='ltr'><strong>et</strong></span> <span class='ocrx_word' id='word_1_172' title='bbox 1098 1936 1186 1965; x_wconf 87' lang='lat' dir='ltr'><strong>vox</strong></span> <span class='ocrx_word' id='word_1_173' title='bbox 1214 1919 1434 1966; x_wconf 82' lang='lat' dir='ltr'><strong>faucibus</strong></span> 
     </span>
     <span class='ocr_line' id='line_1_28' title="bbox 194 1983 1499 2049; baseline 0.001 -17"><span class='ocrx_word' id='word_1_174' title='bbox 194 1983 318 2033; x_wconf 88' lang='lat' dir='ltr'><strong>Tum</strong></span> <span class='ocrx_word' id='word_1_175' title='bbox 346 1989 412 2035; x_wconf 91' lang='lat' dir='ltr'><strong>sic</strong></span> <span class='ocrx_word' id='word_1_176' title='bbox 439 1989 588 2044; x_wconf 86' lang='lat' dir='ltr'><strong>affari,</strong></span> <span class='ocrx_word' id='word_1_177' title='bbox 616 1996 664 2035; x_wconf 90' lang='lat' dir='ltr'><strong>et</strong></span> <span class='ocrx_word' id='word_1_178' title='bbox 684 2005 819 2034; x_wconf 83' lang='lat' dir='ltr'><strong>curas</strong></span> <span class='ocrx_word' id='word_1_179' title='bbox 843 1988 911 2033; x_wconf 84' lang='lat' dir='ltr'><strong>liis</strong></span> <span class='ocrx_word' id='word_1_180' title='bbox 933 1986 1124 2033; x_wconf 88' lang='lat' dir='ltr'><strong>demere</strong></span> <span class='ocrx_word' id='word_1_181' title='bbox 1145 1986 1308 2033; x_wconf 79' lang='lat' dir='ltr'><strong>dictis:</strong></span> <span class='ocrx_word' id='word_1_182' title='bbox 1339 1987 1499 2049; x_wconf 84' lang='lat' dir='ltr'><strong>[liaesit</strong></span> 
     </span>
     <span class='ocr_line' id='line_1_29' title="bbox 197 2053 1343 2117; baseline -0.001 -18"><span class='ocrx_word' id='word_1_183' title='bbox 197 2053 327 2109; x_wconf 87' lang='lat' dir='ltr'><strong>Quid</strong></span> <span class='ocrx_word' id='word_1_184' title='bbox 351 2055 536 2102; x_wconf 73' lang='lat' dir='ltr'><strong>tantum</strong></span> <span class='ocrx_word' id='word_1_185' title='bbox 562 2055 726 2102; x_wconf 85' lang='lat' dir='ltr'><strong>insano</strong></span> <span class='ocrx_word' id='word_1_186' title='bbox 744 2055 882 2117; x_wconf 88' lang='lat' dir='ltr'><strong>juvat</strong></span> <span class='ocrx_word' id='word_1_187' title='bbox 903 2053 1142 2115; x_wconf 79' lang='lat' dir='ltr'><strong>indulgere</strong></span> <span class='ocrx_word' id='word_1_188' title='bbox 1169 2053 1343 2108; x_wconf 85' lang='lat' dir='ltr'><strong>dolori,</strong></span> 
     </span>
    </p>

    <p class='ocr_par' dir='ltr' id='par_1_5' title="bbox 196 2119 1470 2318">
     <span class='ocr_line' id='line_1_30' title="bbox 196 2119 1470 2185; baseline -0.001 -19"><span class='ocrx_word' id='word_1_189' title='bbox 196 2120 242 2167; x_wconf 89' lang='lat' dir='ltr'>O</span> <span class='ocrx_word' id='word_1_190' title='bbox 269 2119 419 2169; x_wconf 82' lang='lat' dir='ltr'><strong>dulcis</strong></span> <span class='ocrx_word' id='word_1_191' title='bbox 443 2123 659 2185; x_wconf 70' lang='lat' dir='ltr'><strong>conjux?</strong></span> <span class='ocrx_word' id='word_1_192' title='bbox 695 2138 788 2168; x_wconf 89' lang='lat' dir='ltr'><strong>non</strong></span> <span class='ocrx_word' id='word_1_193' title='bbox 818 2122 920 2168; x_wconf 87' lang='lat' dir='ltr'><strong>baec</strong></span> <span class='ocrx_word' id='word_1_194' title='bbox 946 2121 1046 2168; x_wconf 59' lang='lat' dir='ltr'><strong>sint²</strong></span> <span class='ocrx_word' id='word_1_195' title='bbox 1072 2120 1263 2166; x_wconf 85' lang='lat' dir='ltr'><strong>numine</strong></span> <span class='ocrx_word' id='word_1_196' title='bbox 1292 2120 1470 2166; x_wconf 74' lang='lat' dir='ltr'><strong>Divum</strong></span> 
     </span>
     <span class='ocr_line' id='line_1_31' title="bbox 197 2187 1449 2250; baseline -0.001 -17"><span class='ocrx_word' id='word_1_197' title='bbox 197 2187 464 2236; x_wconf 85' lang='lat' dir='ltr'><strong>Eveniunt:</strong></span> <span class='ocrx_word' id='word_1_198' title='bbox 507 2205 596 2236; x_wconf 85' lang='lat' dir='ltr'><strong>nee</strong></span> <span class='ocrx_word' id='word_1_199' title='bbox 622 2199 667 2236; x_wconf 85' lang='lat' dir='ltr'><strong>te</strong></span> <span class='ocrx_word' id='word_1_200' title='bbox 694 2189 916 2236; x_wconf 89' lang='lat' dir='ltr'><strong>comitem</strong></span> <span class='ocrx_word' id='word_1_201' title='bbox 943 2196 1192 2250; x_wconf 88' lang='lat' dir='ltr'><strong>asportare</strong></span> <span class='ocrx_word' id='word_1_202' title='bbox 1219 2188 1449 2234; x_wconf 76' lang='lat' dir='ltr'><strong>Creusam</strong></span> 
     </span>
     <span class='ocr_line' id='line_1_32' title="bbox 197 2254 1325 2318; baseline -0.001 -18"><span class='ocrx_word' id='word_1_203' title='bbox 197 2254 304 2310; x_wconf 79' lang='lat' dir='ltr'><strong>Fas,</strong></span> <span class='ocrx_word' id='word_1_204' title='bbox 332 2263 415 2302; x_wconf 86' lang='lat' dir='ltr'><strong>aut</strong></span> <span class='ocrx_word' id='word_1_205' title='bbox 439 2256 514 2302; x_wconf 91' lang='lat' dir='ltr'><strong>ille</strong></span> <span class='ocrx_word' id='word_1_206' title='bbox 539 2256 650 2303; x_wconf 89' lang='lat' dir='ltr'><strong>sinit</strong></span> <span class='ocrx_word' id='word_1_207' title='bbox 674 2256 835 2318; x_wconf 88' lang='lat' dir='ltr'><strong>superi</strong></span> <span class='ocrx_word' id='word_1_208' title='bbox 859 2264 1082 2317; x_wconf 87' lang='lat' dir='ltr'><strong>regnator</strong></span> <span class='ocrx_word' id='word_1_209' title='bbox 1108 2254 1325 2316; x_wconf 81' lang='lat' dir='ltr'><strong>Olympi.</strong></span> 
     </span>
    </p>

    <p class='ocr_par' dir='ltr' id='par_1_6' title="bbox 197 2320 1516 2585">
     <span class='ocr_line' id='line_1_33' title="bbox 197 2320 1515 2384; baseline -0.002 -17"><span class='ocrx_word' id='word_1_210' title='bbox 197 2321 361 2384; x_wconf 86' lang='lat' dir='ltr'><strong>Longa</strong></span> <span class='ocrx_word' id='word_1_211' title='bbox 376 2322 461 2369; x_wconf 78' lang='lat' dir='ltr'><strong>tibi</strong></span> <span class='ocrx_word' id='word_1_212' title='bbox 479 2323 632 2381; x_wconf 85' lang='lat' dir='ltr'><strong>exilia,</strong></span> <span class='ocrx_word' id='word_1_213' title='bbox 654 2333 701 2370; x_wconf 90' lang='lat' dir='ltr'><strong>et</strong></span> <span class='ocrx_word' id='word_1_214' title='bbox 721 2332 907 2369; x_wconf 80' lang='lat' dir='ltr'><strong>vastum</strong></span> <span class='ocrx_word' id='word_1_215' title='bbox 928 2321 1068 2368; x_wconf 89' lang='lat' dir='ltr'><strong>maris</strong></span> <span class='ocrx_word' id='word_1_216' title='bbox 1088 2337 1251 2382; x_wconf 88' lang='lat' dir='ltr'><strong>aequor</strong></span> <span class='ocrx_word' id='word_1_217' title='bbox 1266 2320 1515 2368; x_wconf 82' lang='lat' dir='ltr'><strong>arandum.</strong></span> 
     </span>
     <span class='ocr_line' id='line_1_34' title="bbox 199 2387 1431 2454; baseline 0.002 -21"><span class='ocrx_word' id='word_1_218' title='bbox 199 2387 275 2434; x_wconf 89' lang='lat' dir='ltr'><strong>Ad</strong></span> <span class='ocrx_word' id='word_1_219' title='bbox 304 2398 473 2435; x_wconf 86' lang='lat' dir='ltr'><strong>terram</strong></span> <span class='ocrx_word' id='word_1_220' title='bbox 500 2390 782 2454; x_wconf 88' lang='lat' dir='ltr'><strong>Hesperiam</strong></span> <span class='ocrx_word' id='word_1_221' title='bbox 806 2388 976 2443; x_wconf 86' lang='lat' dir='ltr'><strong>venies,</strong></span> <span class='ocrx_word' id='word_1_222' title='bbox 1003 2387 1086 2434; x_wconf 90' lang='lat' dir='ltr'><strong>ubi</strong></span> <span class='ocrx_word' id='word_1_223' title='bbox 1112 2387 1293 2451; x_wconf 86' lang='lat' dir='ltr'><strong>Lydius</strong></span> <span class='ocrx_word' id='word_1_224' title='bbox 1319 2404 1431 2435; x_wconf 90' lang='lat' dir='ltr'><strong>arva</strong></span> 
     </span>
     <span class='ocr_line' id='line_1_35' title="bbox 198 2454 1516 2519; baseline 0.001 -19"><span class='ocrx_word' id='word_1_225' title='bbox 198 2454 327 2501; x_wconf 86' lang='lat' dir='ltr'><strong>Inter</strong></span> <span class='ocrx_word' id='word_1_226' title='bbox 351 2455 511 2519; x_wconf 88' lang='lat' dir='ltr'><strong>opima</strong></span> <span class='ocrx_word' id='word_1_227' title='bbox 537 2457 688 2504; x_wconf 74' lang='lat' dir='ltr'><strong>virum</strong></span> <span class='ocrx_word' id='word_1_228' title='bbox 716 2457 806 2502; x_wconf 89' lang='lat' dir='ltr'><strong>leni</strong></span> <span class='ocrx_word' id='word_1_229' title='bbox 831 2455 933 2502; x_wconf 89' lang='lat' dir='ltr'><strong>fluit</strong></span> <span class='ocrx_word' id='word_1_230' title='bbox 958 2455 1146 2516; x_wconf 85' lang='lat' dir='ltr'><strong>agmine</strong></span> <span class='ocrx_word' id='word_1_231' title='bbox 1170 2454 1360 2516; x_wconf 67' lang='lat' dir='ltr'><strong>Tybris.</strong></span> <span class='ocrx_word' id='word_1_232' title='bbox 1421 2460 1516 2503; x_wconf 76' lang='lat'><strong>782</strong></span> 
     </span>
     <span class='ocr_line' id='line_1_36' title="bbox 202 2522 1319 2585; baseline 0 -19"><span class='ocrx_word' id='word_1_233' title='bbox 202 2522 306 2567; x_wconf 87' lang='lat' dir='ltr'><strong>lllic</strong></span> <span class='ocrx_word' id='word_1_234' title='bbox 332 2537 405 2568; x_wconf 90' lang='lat' dir='ltr'><strong>res</strong></span> <span class='ocrx_word' id='word_1_235' title='bbox 431 2522 568 2579; x_wconf 63' lang='lat' dir='ltr'><strong>laetae,</strong></span> <span class='ocrx_word' id='word_1_236' title='bbox 589 2539 898 2585; x_wconf 81' lang='lat' dir='ltr'><strong>regnumque,</strong></span> <span class='ocrx_word' id='word_1_237' title='bbox 925 2531 971 2568; x_wconf 89' lang='lat' dir='ltr'><strong>et</strong></span> <span class='ocrx_word' id='word_1_238' title='bbox 998 2523 1123 2582; x_wconf 81' lang='lat' dir='ltr'><strong>regia</strong></span> <span class='ocrx_word' id='word_1_239' title='bbox 1141 2522 1319 2582; x_wconf 79' lang='lat' dir='ltr'><strong>conjux</strong></span> 
     </span>
    </p>

    <p class='ocr_par' dir='ltr' id='par_1_7' title="bbox 206 2588 1351 2653">
     <span class='ocr_line' id='line_1_37' title="bbox 206 2588 1351 2653; baseline -0.003 -18"><span class='ocrx_word' id='word_1_240' title='bbox 206 2589 343 2635; x_wconf 77' lang='lat' dir='ltr'><strong>Parta</strong></span> <span class='ocrx_word' id='word_1_241' title='bbox 370 2588 488 2636; x_wconf 83' lang='lat' dir='ltr'><strong>tibi:</strong></span> <span class='ocrx_word' id='word_1_242' title='bbox 528 2589 762 2653; x_wconf 70' lang='lat' dir='ltr'><strong>lacrymas</strong></span> <span class='ocrx_word' id='word_1_243' title='bbox 787 2589 972 2636; x_wconf 68' lang='lat' dir='ltr'><strong>dilectae</strong></span> <span class='ocrx_word' id='word_1_244' title='bbox 998 2589 1119 2650; x_wconf 85' lang='lat' dir='ltr'><strong>pelle</strong></span> <span class='ocrx_word' id='word_1_245' title='bbox 1145 2589 1351 2634; x_wconf 63' lang='lat' dir='ltr'><strong>Creusae.</strong></span> 
     </span>
    </p>
   </div>
  </div>
 </body>
</html>
