1607 2700
136 111 225 152 ΗΒ
498 119 547 150 Ρ.
586 116 838 152 vinoun
867 117 1133 153 MARONxs

126 237 248 291 Quae
266 236 450 284 Phoebo
461 237 1046 300 pateromnipotens‚mihi
1066 238 1270 285 Phoebus
1288 239 1463 301 Apollo

121 303 366 359 Praedixit,
405 304 542 352 vobis
570 305 816 352 Furiarum
840 321 930 367 ego
954 305 1157 351 maxima
1181 305 1361 367 pando,

123 371 310 417 Italiam
337 387 480 418 cursu
506 373 689 434 petitis,
718 372 968 434 ventisque
993 373 1177 418 vocatis

123 437 260 483 Ibitis
289 437 487 495 ltaliam,
526 448 794 499 portusque
818 437 994 483 intrare
1022 439 1203 484 licebit.

123 504 221 550 Sed
248 521 342 550 non
368 506 481 551 ante
509 505 670 550 datam
699 504 900 565 cingetis
926 505 1170 551 moenibus
1204 507 1390 562 urbem,

120 569 280 622 Quam
307 587 388 617 vos
414 570 523 618 dira‘
541 571 706 625 fames,
735 579 1005 632 nostraeque
1025 570 1196 632 injuria
1221 573 1389 630 caedis,

60 662 65 671 ·
118 637 356 684 Ambesas
381 638 570 698 subigat
597 637 729 682 malis
755 636 1007 683 absumere
1032 654 1232 685 mensas.

119 704 269 760 Dixit,
297 712 344 750 et
369 704 414 749 in
441 704 606 750 silvam
631 703 800 764 pennis
825 703 990 750 ablata
1013 705 1205 766 refugit.

117 771 185 816 At
210 770 350 816 sociis
375 769 535 817 subita
561 769 747 831 gelidus
761 769 1015 816 formidine
1041 772 1234 833 sanguis
1359 779 1457 829 259

118 836 354 898 Diriguit3
393 837 609 883 cecidere
635 837 803 890 animi;
843 853 931 882 nec
951 837 1056 899 jam
1073 839 1277 899 amplius
1294 840 1452 896 armis,

118 903 214 950 Sed
242 904 362 949 votis
386 903 703 966 precibusque
720 903 900 965 jubent
923 920 1178 965 exposcere
1205 922 1387 968 pacem,

119 969 230 1017 Sive
257 971 390 1026 Deae,
418 986 500 1016 seu
527 971 619 1017 sint
643 969 760 1016 dirae
786 972 1124 1032 obscoenaeque
1144 975 1373 1020 volucres.

188 1040 249 1082 At
270 1047 406 1099 pater
433 1037 685 1094 Anchises,
712 1037 868 1099 passis
890 1037 951 1083 de
978 1038 1134 1084 littore
1161 1039 1351 1101 palmis,

116 1102 330 1150 Numina
350 1120 524 1165 magua
541 1112 697 1159 vocat,
719 1104 1007 1167 meritosque
1027 1105 1195 1151 indicit
1219 1107 1449 1153 honores:

115 1170 198 1226 Di,
226 1171 481 1232 prohibete
507 1171 672 1225 minas,
704 1172 782 1227 Di,
813 1171 954 1216 talem
980 1173 1178 1218 avertite
1204 1189 1385 1229 casum,

118 1237 180 1282 Et
205 1237 385 1299 placidi
411 1246 593 1283 servate
619 1237 743 1299 pios.
814 1238 939 1284 Tum
966 1238 1124 1284 littore
1160 1239 1320 1285 sunem

118 1302 351 1365 Diripere‚
379 1319 709 1365 excussosque
727 1304 873 1364 jubet
898 1304 1053 1350 laxare
1079 1304 1321 1352 rudentes·

181 1370 414 1417 Tendunt
431 1372 540 1416 vela
559 1371 701 1417 Noti:
730 1370 928 1416 ferimur
940 1372 1277 1434 spumantibus
1292 1372 1454 1430 undis,

117 1437 227 1492 Qua
248 1454 443 1484 cursum
469 1444 735 1498 ventusque
756 1437 1144 1499 gubernatorque
1170 1439 1430 1486 vocabant.

112 1504 222 1550 Jam
250 1504 406 1551 medio
433 1511 637 1566 apparet
662 1502 811 1550 fluctu
839 1520 1091 1551 nemorosa
1118 1505 1408 1568 Zacynthos,

115 1570 507 1631 Dulichiumque,
536 1572 787 1630 Sameque,
815 1578 863 1616 et
887 1571 1079 1616 Neritos
1106 1571 1258 1618 ardua
1279 1574 1420 1620 saxis.

116 1636 380 1700 Effugimus
409 1637 628 1699 scopulos
654 1636 846 1692 Ithacae,
873 1638 1066 1684 Laertia
1091 1654 1252 1699 regua,
1357 1648 1454 1694 272

113 1704 176 1750 Et
196 1710 367 1750 terram
394 1704 605 1749 altricem
631 1703 743 1749 saevi
769 1719 1049 1750 execramur
1074 1704 1223 1750 Ulixi.

114 1771 234 1816 Mox
260 1778 309 1816 et
334 1771 561 1817 Leucatae
587 1769 810 1816 nimbosa
836 1770 1085 1817 cacumina
1121 1775 1317 1830 montis,

114 1837 177 1882 Et
202 1837 484 1884 formidatus
509 1837 664 1883 nautis
691 1837 902 1899 aperitur
927 1837 1118 1901 Apollo.

114 1904 261 1950 Hunc
283 1904 486 1966 petimus
511 1903 639 1960 fessi,
667 1912 714 1950 et
739 1919 899 1966 parvae
925 1904 1233 1953 succedimus
1260 1906 1384 1953 urbi.

116 1971 344 2018 Anchora
369 1970 429 2016 de
454 1971 597 2033 prora
613 1970 821 2030 jacitur;
863 1978 992 2017 stant
1030 1971 1186 2018 littore
1211 1989 1417 2036 puppes.

183 2038 312 2100 Ergo
333 2039 574 2100 insperata
596 2036 791 2084 tandem
816 2038 982 2084 tellure
1010 2039 1170 2100 potiti,

114 2103 490 2166 Lustramurque
514 2104 642 2159 jovi,
670 2104 894 2167 votisque
920 2104 1217 2152 incendimus
1242 2122 1380 2162 aras;

115 2170 354 2232 Actiaque
381 2171 537 2217 Iliacis
564 2170 863 2217 celebramus
888 2172 1051 2218 littora
1073 2171 1216 2219 ludis.
1354 2179 1452 2222 280

114 2237 359 2284 Exercent
383 2237 563 2300 patrias
590 2237 697 2283 oleo
723 2237 912 2284 labente
937 2238 1183 2300 palaestras

114 2302 301 2350 Nudati
327 2304 468 2350 socii:
499 2303 644 2362 juvat
662 2304 869 2352 evasisse
889 2313 961 2352 tot
987 2305 1127 2351 urbes

119 2370 382 2432 Argolicas,
412 2370 688 2432 mediosque
714 2370 874 2433 fugam
897 2371 1103 2418 tenuisse
1129 2386 1216 2433 per
1237 2371 1417 2419 hostes.

116 2437 302 2483 Interea
326 2453 552 2500 magnum
577 2436 646 2483 sol
668 2436 1067 2485 circumvolvitur
1089 2453 1282 2494 annum,

116 2503 177 2549 Et
202 2502 412 2565 glacialis
439 2505 604 2567 hyems
627 2501 938 2565 aquilonibus
963 2512 1155 2568 asperat
1181 2505 1349 2551 undaS.
1385 2541 1390 2544 -
