1614 2694
148 44 202 82 46
472 58 522 92 P.
560 57 807 93 VIRGILII
848 59 1113 96 MARoNis

139 152 239 197 Aut
261 151 419 214 puteis
447 167 633 198 manare
657 169 797 200 cruor
820 157 1020 203 cessavit
1041 174 1052 211 ;
1089 164 1135 202 et
1159 157 1266 203 altae

137 217 227 263 Per
250 226 440 263 noctem
464 234 682 266 resonare
708 220 829 282 lupis
855 222 1143 269 ululantibus
1163 224 1316 271 urbes.

134 283 244 329 Non
266 282 379 330 alias
403 284 522 330 coelo
546 286 820 334 ceciderunt
844 290 982 350 plura
1006 306 1167 336 sereno

134 350 354 410 Fulgura,
381 366 469 397 nec
495 351 583 398 diri
610 353 752 400 toties
777 357 929 401 arsere
956 364 1174 402 cometae.

131 417 259 478 Ergo
286 416 408 463 inter
430 433 532 464 sese
556 420 752 481 paribus
780 437 1062 468 concurrere
1089 423 1192 469 telis

131 481 370 530 Romanas
395 484 516 530 acies
543 486 712 534 iteruin
737 487 893 534 videre
915 488 1145 549 Philippi:
1348 496 1445 544 490

129 549 235 597 Nec
260 548 348 595 fuit
370 550 616 613 iudignum
645 554 854 614 Superis,
882 554 954 600 bis
975 555 1199 616 sanguine
1219 564 1379 602 nostro

127 616 394 665 Emathiam
420 626 466 664 et
491 619 611 664 latos
639 620 795 665 Haemi
820 620 1127 682 pinguescere
1152 637 1361 684 campos.

126 683 316 731 Scilicet
339 693 387 732 et
412 692 595 746 tempus
624 686 791 742 veniet,
830 686 936 733 cum
963 685 1136 733 finibus
1156 687 1246 734 illis

124 751 362 811 Agricola,
390 752 588 799 incurvo
615 760 783 798 terrani
804 753 994 800 molitus
1018 762 1188 810 aratro,

125 817 278 864 Exesa
302 817 511 867 inveniet
536 819 707 867 scabra
727 820 942 884 rubigine
969 820 1081 884 pila,

124 884 225 931 Aut
249 885 471 947 gravibus
498 888 659 933 rastris
685 889 841 950 galeas
860 887 1072 951 pulsabit
1096 886 1273 945 inanes,

125 950 436 1013 Grandiaque
461 953 645 1000 effossis
672 954 917 1002 mirabitur
942 971 1050 1001 ossa
1075 955 1325 1016 sepulcris.

107 1025 156 1075 f«)-
189 1017 269 1063 Dii
285 1019 691 1082 patriilndigeteS,
715 1030 761 1067 et
773 1022 990 1077 Romule,
1013 1023 1257 1082 Vestaque
1270 1029 1437 1079 mater,

113 1077 246 1137 ·‘Quae
269 1085 487 1132 Tuscum
511 1087 725 1133 Tiberim
751 1096 798 1135 et
822 1089 1041 1135 Romana
1060 1089 1235 1150 palatia
1260 1105 1435 1144 servas,

121 1149 261 1196 Hunc
276 1152 438 1197 saltem
452 1169 616 1199 everso
632 1154 857 1214 juvenem
879 1171 1151 1201 succurrere
1168 1155 1315 1202 saeclo
1342 1162 1437 1202 500

120 1216 198 1262 Ne
222 1218 501 1278 prohibete!
542 1217 967 1282 Satisjamp1·idem
993 1222 1219 1283 sanguine
1243 1229 1403 1268 nostro

123 1283 489 1331 Laomedonteae
513 1285 687 1333 luimus
708 1287 914 1348 perjuria
937 1288 1114 1349 Trojae.

119 1350 412 1411 jampridem
436 1353 575 1398 nobis
603 1354 707 1399 coeli
731 1362 774 1399 te
799 1353 943 1415 regia,
970 1355 1148 1409 Caesar,
1275 1354 1434 1416 [phoS.

119 1416 325 1473 Invidet,
352 1426 496 1479 atque
524 1419 770 1466 hominum
810 1421 1022 1481 queritur
1063 1436 1228 1467 curare
1271 1421 1433 1466 trium-

120 1483 316 1545 Quippe
354 1486 437 1530 ubi
462 1485 532 1531 fas
561 1502 745 1532 versum
770 1493 915 1548 atque
942 1487 1086 1544 nefas,
1109 1494 1180 1532 tot
1206 1487 1328 1533 bella
1350 1503 1435 1548 per
1486 1534 1489 1535 ⁷

250 1552 430 1607 orbem,

117 1614 239 1661 Tam
266 1618 428 1663 multae
453 1617 682 1664 scelerum
710 1617 884 1666 facies:
923 1634 1018 1665 non
1042 1618 1163 1665 ullus
1188 1625 1346 1665 aratro

117 1681 299 1743 Dignus
326 1684 505 1730 honos:
545 1685 760 1746 squalent
784 1684 1008 1732 abductis
1028 1701 1140 1731 arva
1159 1685 1363 1740 colonis;

116 1748 178 1794 Et
203 1765 359 1796 curvae
384 1750 586 1813 rigidum
613 1751 759 1797 falces
785 1751 1058 1799 conflantur
1081 1751 1127 1796 in
1153 1768 1376 1814 ensem.†

116 1814 241 1862 Hinc
266 1824 424 1863 movet
444 1818 729 1880 EuphrateS‚
756 1818 884 1864 illinc
909 1818 1167 1865 Germania
1191 1818 1396 1864 belluni:

114 1881 298 1929 Vicinae
322 1884 473 1946 ruptis
499 1884 620 1931 inter
645 1902 696 1931 se
722 1886 905 1947 legibus
933 1884 1070 1930 urbes
1334 1891 1430 1931 510

114 1950 262 1995 Arma
285 1949 470 2005 ferunt;
509 1951 643 1997 saevit
668 1958 769 1998 toto
796 1953 926 1998 Mars
953 1950 1125 2013 impius
1151 1950 1283 1997 orbe.

116 2013 199 2070 Ut,
227 2015 337 2061 curn
363 2018 631 2064 carceribus
656 2033 754 2064 sese
780 2017 991 2064 effudere
1015 2017 1275 2080 quadrigae,

115 2080 317 2128 Addunt
342 2083 386 2128 in
415 2085 568 2146 spatia
590 2101 601 2138 ;
639 2092 703 2140 et,
731 2084 901 2130 frustra
925 2084 1183 2130 retinacula
1208 2084 1425 2140 tendens,

117 2147 285 2194 Fertur
307 2149 438 2211 equis
463 2151 642 2212 auriga,
671 2168 823 2213 neque
849 2151 985 2197 audit
1010 2167 1176 2196 currus
1202 2151 1427 2197 habenas.

643 2279 819 2318 LIBER
848 2280 909 2318 ΙΙ.

117 2380 448 2442 HACTENUS
474 2410 691 2441 arvorum
718 2397 891 2452 cultus,
918 2404 965 2442 et
990 2396 1143 2443 sidera
1167 2399 1291 2452 creli;

116 2460 255 2507 Nunc
283 2469 344 2519 te,
372 2462 581 2520 Bacche,
607 2478 789 2519 canani,
812 2479 996 2510 necnon
1013 2463 1243 2511 silvestria
1271 2474 1425 2511 tecum
