<?xml version="1.0" encoding="UTF-8"?>
<!DOCTYPE html PUBLIC "-//W3C//DTD XHTML 1.0 Transitional//EN"
    "http://www.w3.org/TR/xhtml1/DTD/xhtml1-transitional.dtd">
<html xmlns="http://www.w3.org/1999/xhtml" xml:lang="en" lang="en">
 <head>
  <title>
</title>
<meta http-equiv="Content-Type" content="text/html;charset=utf-8" />
  <meta name='ocr-system' content='tesseract 3.04.00' />
  <meta name='ocr-capabilities' content='ocr_page ocr_carea ocr_par ocr_line ocrx_word'/>
</head>
<body>
  <div class='ocr_page' id='page_1' title='image "./operaadfidemopti00virguoft/operaadfidemopti00virguoft_0076.png"; bbox 0 0 1580 2686; ppageno 0'>
   <div class='ocr_carea' id='block_1_1' title="bbox 164 30 1135 79">
    <p class='ocr_par' dir='ltr' id='par_1_1' title="bbox 164 30 1135 79">
     <span class='ocr_line' id='line_1_1' title="bbox 164 30 1135 79; baseline 0.007 -7"><span class='ocrx_word' id='word_1_1' title='bbox 164 30 227 78; x_wconf 77' lang='lat'>72</span> <span class='ocrx_word' id='word_1_2' title='bbox 494 40 543 75; x_wconf 87' lang='lat' dir='ltr'>P.</span> <span class='ocrx_word' id='word_1_3' title='bbox 581 36 833 76; x_wconf 68' lang='lat' dir='ltr'><strong>vxlz‘Gan</strong></span> <span class='ocrx_word' id='word_1_4' title='bbox 875 43 1135 79; x_wconf 77' lang='lat' dir='ltr'>MARoNts</span> 
     </span>
    </p>
   </div>
   <div class='ocr_carea' id='block_1_2' title="bbox 163 150 1204 219">
    <p class='ocr_par' dir='ltr' id='par_1_2' title="bbox 163 150 1204 219">
     <span class='ocr_line' id='line_1_2' title="bbox 163 150 1204 219; baseline 0.005 -19"><span class='ocrx_word' id='word_1_5' title='bbox 163 150 374 200; x_wconf 84' lang='lat' dir='ltr'><strong>Luciferi</strong></span> <span class='ocrx_word' id='word_1_6' title='bbox 396 151 550 215; x_wconf 82' lang='lat' dir='ltr'>primo</span> <span class='ocrx_word' id='word_1_7' title='bbox 578 170 683 201; x_wconf 82' lang='lat' dir='ltr'>curn</span> <span class='ocrx_word' id='word_1_8' title='bbox 711 156 877 213; x_wconf 84' lang='lat' dir='ltr'>sidere,</span> <span class='ocrx_word' id='word_1_9' title='bbox 904 157 1071 219; x_wconf 82' lang='lat' dir='ltr'>frigida</span> <span class='ocrx_word' id='word_1_10' title='bbox 1096 174 1204 205; x_wconf 89' lang='lat' dir='ltr'>rura</span> 
     </span>
    </p>
   </div>
   <div class='ocr_carea' id='block_1_3' title="bbox 163 218 1463 341">
    <p class='ocr_par' dir='ltr' id='par_1_3' title="bbox 163 218 1463 341">
     <span class='ocr_line' id='line_1_3' title="bbox 163 218 1463 285; baseline 0.008 -23"><span class='ocrx_word' id='word_1_11' title='bbox 163 218 446 280; x_wconf 85' lang='lat' dir='ltr'>Carpamus‚</span> <span class='ocrx_word' id='word_1_12' title='bbox 474 220 587 267; x_wconf 87' lang='lat' dir='ltr'>dum</span> <span class='ocrx_word' id='word_1_13' title='bbox 625 238 759 268; x_wconf 83' lang='lat' dir='ltr'>mane</span> <span class='ocrx_word' id='word_1_14' title='bbox 793 239 985 280; x_wconf 88' lang='lat' dir='ltr'>novum,</span> <span class='ocrx_word' id='word_1_15' title='bbox 1013 224 1125 270; x_wconf 90' lang='lat' dir='ltr'>dum</span> <span class='ocrx_word' id='word_1_16' title='bbox 1152 224 1363 285; x_wconf 81' lang='lat' dir='ltr'>gramina</span> <span class='ocrx_word' id='word_1_17' title='bbox 1387 242 1463 272; x_wconf 87' lang='lat' dir='ltr'>ca-</span> 
     </span>
     <span class='ocr_line' id='line_1_4' title="bbox 295 293 424 341; baseline 0.016 -13"><span class='ocrx_word' id='word_1_18' title='bbox 295 293 424 341; x_wconf 90' lang='lat' dir='ltr'>nent,</span> 
     </span>
    </p>
   </div>
   <div class='ocr_carea' id='block_1_4' title="bbox 160 350 1480 2538">
    <p class='ocr_par' dir='ltr' id='par_1_4' title="bbox 160 350 1480 2538">
     <span class='ocr_line' id='line_1_5' title="bbox 162 350 1277 415; baseline 0.004 -18"><span class='ocrx_word' id='word_1_19' title='bbox 162 350 224 397; x_wconf 81' lang='lat' dir='ltr'>Et</span> <span class='ocrx_word' id='word_1_20' title='bbox 249 366 324 396; x_wconf 84' lang='lat' dir='ltr'>ros</span> <span class='ocrx_word' id='word_1_21' title='bbox 351 350 395 396; x_wconf 90' lang='lat' dir='ltr'>in</span> <span class='ocrx_word' id='word_1_22' title='bbox 423 351 584 398; x_wconf 69' lang='lat' dir='ltr'>tenera</span> <span class='ocrx_word' id='word_1_23' title='bbox 611 352 773 415; x_wconf 85' lang='lat' dir='ltr'>pecori</span> <span class='ocrx_word' id='word_1_24' title='bbox 799 354 1090 414; x_wconf 85' lang='lat' dir='ltr'>gratissimus</span> <span class='ocrx_word' id='word_1_25' title='bbox 1118 355 1277 402; x_wconf 64' lang='lat' dir='ltr'>herba.</span> 
     </span>
     <span class='ocr_line' id='line_1_6' title="bbox 166 415 1306 480; baseline 0.004 -18"><span class='ocrx_word' id='word_1_26' title='bbox 166 415 301 472; x_wconf 87' lang='lat' dir='ltr'>Inde,</span> <span class='ocrx_word' id='word_1_27' title='bbox 326 416 408 467; x_wconf 86' lang='lat' dir='ltr'>ubi</span> <span class='ocrx_word' id='word_1_28' title='bbox 434 427 601 478; x_wconf 84' lang='lat' dir='ltr'>quarta</span> <span class='ocrx_word' id='word_1_29' title='bbox 629 419 752 464; x_wconf 87' lang='lat' dir='ltr'>sitim</span> <span class='ocrx_word' id='word_1_30' title='bbox 778 421 882 466; x_wconf 85' lang='lat' dir='ltr'>coeli</span> <span class='ocrx_word' id='word_1_31' title='bbox 908 420 1150 480; x_wconf 76' lang='lat' dir='ltr'><strong>collegerit</strong></span> <span class='ocrx_word' id='word_1_32' title='bbox 1176 422 1306 476; x_wconf 84' lang='lat' dir='ltr'>hora,</span> 
     </span>
     <span class='ocr_line' id='line_1_7' title="bbox 164 482 1333 545; baseline 0.005 -18"><span class='ocrx_word' id='word_1_33' title='bbox 164 482 226 528; x_wconf 83' lang='lat' dir='ltr'>Et</span> <span class='ocrx_word' id='word_1_34' title='bbox 252 491 397 528; x_wconf 88' lang='lat' dir='ltr'>cautu</span> <span class='ocrx_word' id='word_1_35' title='bbox 426 484 638 544; x_wconf 65' lang='lat' dir='ltr'>querulae</span> <span class='ocrx_word' id='word_1_36' title='bbox 664 494 885 545; x_wconf 81' lang='lat' dir='ltr'><strong>rumpent</strong></span> <span class='ocrx_word' id='word_1_37' title='bbox 912 486 1107 532; x_wconf 85' lang='lat' dir='ltr'>arbusta</span> <span class='ocrx_word' id='word_1_38' title='bbox 1134 487 1333 543; x_wconf 80' lang='lat' dir='ltr'>cicadae,</span> 
     </span>
     <span class='ocr_line' id='line_1_8' title="bbox 161 548 1464 613; baseline 0.004 -18"><span class='ocrx_word' id='word_1_39' title='bbox 161 548 238 595; x_wconf 83' lang='lat' dir='ltr'>Ad</span> <span class='ocrx_word' id='word_1_40' title='bbox 266 557 453 608; x_wconf 85' lang='lat' dir='ltr'>puteos,</span> <span class='ocrx_word' id='word_1_41' title='bbox 482 558 564 595; x_wconf 87' lang='lat' dir='ltr'>aut</span> <span class='ocrx_word' id='word_1_42' title='bbox 592 551 687 596; x_wconf 84' lang='lat' dir='ltr'>alta</span> <span class='ocrx_word' id='word_1_43' title='bbox 711 567 873 611; x_wconf 83' lang='lat' dir='ltr'>greges</span> <span class='ocrx_word' id='word_1_44' title='bbox 899 550 958 596; x_wconf 90' lang='lat' dir='ltr'>ad</span> <span class='ocrx_word' id='word_1_45' title='bbox 987 559 1153 613; x_wconf 83' lang='lat' dir='ltr'>stagna</span> <span class='ocrx_word' id='word_1_46' title='bbox 1171 553 1349 613; x_wconf 86' lang='lat' dir='ltr'>jubeto</span> <span class='ocrx_word' id='word_1_47' title='bbox 1370 558 1464 600; x_wconf 85' lang='lat'>330</span> 
     </span>
     <span class='ocr_line' id='line_1_9' title="bbox 162 614 1316 677; baseline 0.004 -18"><span class='ocrx_word' id='word_1_48' title='bbox 162 614 442 661; x_wconf 83' lang='lat' dir='ltr'>Currentem</span> <span class='ocrx_word' id='word_1_49' title='bbox 471 615 621 676; x_wconf 84' lang='lat' dir='ltr'>ilignis</span> <span class='ocrx_word' id='word_1_50' title='bbox 647 625 813 677; x_wconf 85' lang='lat' dir='ltr'>potare</span> <span class='ocrx_word' id='word_1_51' title='bbox 840 616 1085 664; x_wconf 83' lang='lat' dir='ltr'>canalibus</span> <span class='ocrx_word' id='word_1_52' title='bbox 1110 618 1316 664; x_wconf 81' lang='lat' dir='ltr'>undam:</span> 
     </span>
     <span class='ocr_line' id='line_1_10' title="bbox 162 679 1418 745; baseline 0.002 -19"><span class='ocrx_word' id='word_1_53' title='bbox 162 679 374 727; x_wconf 78' lang='lat' dir='ltr'>AEstibus</span> <span class='ocrx_word' id='word_1_54' title='bbox 399 689 447 727; x_wconf 88' lang='lat' dir='ltr'>at</span> <span class='ocrx_word' id='word_1_55' title='bbox 473 681 638 727; x_wconf 86' lang='lat' dir='ltr'>mediis</span> <span class='ocrx_word' id='word_1_56' title='bbox 667 683 938 729; x_wconf 80' lang='lat' dir='ltr'><strong>umbrosam</strong></span> <span class='ocrx_word' id='word_1_57' title='bbox 963 683 1207 745; x_wconf 76' lang='lat' dir='ltr'>exquirere</span> <span class='ocrx_word' id='word_1_58' title='bbox 1234 685 1418 740; x_wconf 84' lang='lat' dir='ltr'>vallem,</span> 
     </span>
     <span class='ocr_line' id='line_1_11' title="bbox 163 746 1324 812; baseline 0.003 -20"><span class='ocrx_word' id='word_1_59' title='bbox 163 746 332 793; x_wconf 88' lang='lat' dir='ltr'>Sicubi</span> <span class='ocrx_word' id='word_1_60' title='bbox 359 763 523 806; x_wconf 70' lang='lat' dir='ltr'>magna</span> <span class='ocrx_word' id='word_1_61' title='bbox 549 747 680 794; x_wconf 82' lang='lat' dir='ltr'>Jovis</span> <span class='ocrx_word' id='word_1_62' title='bbox 707 749 904 811; x_wconf 88' lang='lat' dir='ltr'>antiquo</span> <span class='ocrx_word' id='word_1_63' title='bbox 930 749 1098 796; x_wconf 83' lang='lat' dir='ltr'>robore</span> <span class='ocrx_word' id='word_1_64' title='bbox 1120 767 1324 812; x_wconf 90' lang='lat' dir='ltr'>quercus</span> 
     </span>
     <span class='ocr_line' id='line_1_12' title="bbox 160 811 1281 877; baseline 0.003 -19"><span class='ocrx_word' id='word_1_65' title='bbox 160 811 387 875; x_wconf 82' lang='lat' dir='ltr'>Ingentes</span> <span class='ocrx_word' id='word_1_66' title='bbox 415 813 579 860; x_wconf 84' lang='lat' dir='ltr'>tendat</span> <span class='ocrx_word' id='word_1_67' title='bbox 604 829 778 871; x_wconf 85' lang='lat' dir='ltr'>ramos,</span> <span class='ocrx_word' id='word_1_68' title='bbox 805 822 889 861; x_wconf 89' lang='lat' dir='ltr'>aut</span> <span class='ocrx_word' id='word_1_69' title='bbox 915 815 1068 861; x_wconf 81' lang='lat' dir='ltr'>sicubi</span> <span class='ocrx_word' id='word_1_70' title='bbox 1097 819 1281 877; x_wconf 84' lang='lat' dir='ltr'>nigrum</span> 
     </span>
     <span class='ocr_line' id='line_1_13' title="bbox 161 877 1357 929; baseline 0.003 -5"><span class='ocrx_word' id='word_1_71' title='bbox 161 877 360 925; x_wconf 85' lang='lat' dir='ltr'>Ilicibus</span> <span class='ocrx_word' id='word_1_72' title='bbox 387 880 565 926; x_wconf 85' lang='lat' dir='ltr'>crebris</span> <span class='ocrx_word' id='word_1_73' title='bbox 593 880 726 926; x_wconf 72' lang='lat' dir='ltr'>sacra</span> <span class='ocrx_word' id='word_1_74' title='bbox 752 897 915 927; x_wconf 88' lang='lat' dir='ltr'>nemus</span> <span class='ocrx_word' id='word_1_75' title='bbox 940 882 1142 928; x_wconf 82' lang='lat' dir='ltr'>accubet</span> <span class='ocrx_word' id='word_1_76' title='bbox 1172 882 1357 929; x_wconf 69' lang='lat' dir='ltr'>umbra.</span> 
     </span>
     <span class='ocr_line' id='line_1_14' title="bbox 160 944 1469 1009; baseline 0.002 -18"><span class='ocrx_word' id='word_1_77' title='bbox 160 944 286 991; x_wconf 88' lang='lat' dir='ltr'>Tum</span> <span class='ocrx_word' id='word_1_78' title='bbox 312 954 476 992; x_wconf 89' lang='lat' dir='ltr'>tenues</span> <span class='ocrx_word' id='word_1_79' title='bbox 503 946 615 993; x_wconf 87' lang='lat' dir='ltr'>dare</span> <span class='ocrx_word' id='word_1_80' title='bbox 644 963 799 994; x_wconf 84' lang='lat' dir='ltr'>rursus</span> <span class='ocrx_word' id='word_1_81' title='bbox 825 964 988 1009; x_wconf 80' lang='lat' dir='ltr'>aquaS,</span> <span class='ocrx_word' id='word_1_82' title='bbox 1016 956 1061 994; x_wconf 86' lang='lat' dir='ltr'>et</span> <span class='ocrx_word' id='word_1_83' title='bbox 1090 964 1283 1008; x_wconf 86' lang='lat' dir='ltr'>pascere</span> <span class='ocrx_word' id='word_1_84' title='bbox 1309 964 1469 995; x_wconf 89' lang='lat' dir='ltr'>rursus</span> 
     </span>
     <span class='ocr_line' id='line_1_15' title="bbox 166 1011 1360 1077; baseline 0.003 -20"><span class='ocrx_word' id='word_1_85' title='bbox 166 1011 285 1058; x_wconf 85' lang='lat' dir='ltr'>Solis</span> <span class='ocrx_word' id='word_1_86' title='bbox 312 1013 369 1058; x_wconf 87' lang='lat' dir='ltr'>ad</span> <span class='ocrx_word' id='word_1_87' title='bbox 391 1029 612 1059; x_wconf 87' lang='lat' dir='ltr'>occasum</span> <span class='ocrx_word' id='word_1_88' title='bbox 636 1028 646 1059; x_wconf 94' lang='lat'><strong>:</strong></span> <span class='ocrx_word' id='word_1_89' title='bbox 686 1013 795 1059; x_wconf 72' lang='lat' dir='ltr'>cum</span> <span class='ocrx_word' id='word_1_90' title='bbox 824 1013 1023 1074; x_wconf 78' lang='lat' dir='ltr'>frigidus</span> <span class='ocrx_word' id='word_1_91' title='bbox 1044 1015 1153 1060; x_wconf 78' lang='lat' dir='ltr'>a‘era</span> <span class='ocrx_word' id='word_1_92' title='bbox 1178 1016 1360 1077; x_wconf 81' lang='lat' dir='ltr'>Vesper</span> 
     </span>
     <span class='ocr_line' id='line_1_16' title="bbox 162 1078 1382 1141; baseline 0.002 -18"><span class='ocrx_word' id='word_1_93' title='bbox 162 1078 438 1141; x_wconf 79' lang='lat' dir='ltr'>Temperat,</span> <span class='ocrx_word' id='word_1_94' title='bbox 466 1089 513 1125; x_wconf 91' lang='lat' dir='ltr'>et</span> <span class='ocrx_word' id='word_1_95' title='bbox 538 1079 680 1125; x_wconf 81' lang='lat' dir='ltr'>saltus</span> <span class='ocrx_word' id='word_1_96' title='bbox 708 1079 861 1127; x_wconf 85' lang='lat' dir='ltr'>reficit</span> <span class='ocrx_word' id='word_1_97' title='bbox 886 1081 987 1141; x_wconf 74' lang='lat' dir='ltr'>jani</span> <span class='ocrx_word' id='word_1_98' title='bbox 1015 1080 1205 1127; x_wconf 85' lang='lat' dir='ltr'>roscida</span> <span class='ocrx_word' id='word_1_99' title='bbox 1232 1082 1382 1136; x_wconf 83' lang='lat' dir='ltr'>Luna,</span> 
     </span>
     <span class='ocr_line' id='line_1_17' title="bbox 163 1143 1451 1208; baseline 0.002 -18"><span class='ocrx_word' id='word_1_100' title='bbox 163 1143 441 1207; x_wconf 78' lang='lat' dir='ltr'>Litteraque</span> <span class='ocrx_word' id='word_1_101' title='bbox 468 1146 700 1208; x_wconf 77' lang='lat' dir='ltr'>alcyonen</span> <span class='ocrx_word' id='word_1_102' title='bbox 724 1155 962 1203; x_wconf 85' lang='lat' dir='ltr'>resonant,</span> <span class='ocrx_word' id='word_1_103' title='bbox 983 1146 1280 1193; x_wconf 78' lang='lat' dir='ltr'>acalanthida</span> <span class='ocrx_word' id='word_1_104' title='bbox 1303 1147 1451 1193; x_wconf 83' lang='lat' dir='ltr'>durni.</span> 
     </span>
     <span class='ocr_line' id='line_1_18' title="bbox 229 1211 1427 1276; baseline 0.002 -20"><span class='ocrx_word' id='word_1_105' title='bbox 229 1211 360 1265; x_wconf 87' lang='lat' dir='ltr'>Quid</span> <span class='ocrx_word' id='word_1_106' title='bbox 387 1212 476 1258; x_wconf 88' lang='lat' dir='ltr'>tibi</span> <span class='ocrx_word' id='word_1_107' title='bbox 501 1221 712 1273; x_wconf 88' lang='lat' dir='ltr'>pastores</span> <span class='ocrx_word' id='word_1_108' title='bbox 739 1214 922 1276; x_wconf 65' lang='lat' dir='ltr'>Libyae,</span> <span class='ocrx_word' id='word_1_109' title='bbox 950 1213 1062 1274; x_wconf 91' lang='lat' dir='ltr'>quid</span> <span class='ocrx_word' id='word_1_110' title='bbox 1087 1229 1267 1275; x_wconf 86' lang='lat' dir='ltr'>pascua</span> <span class='ocrx_word' id='word_1_111' title='bbox 1294 1230 1427 1259; x_wconf 87' lang='lat' dir='ltr'>versu</span> 
     </span>
     <span class='ocr_line' id='line_1_19' title="bbox 164 1277 1471 1340; baseline 0.004 -17"><span class='ocrx_word' id='word_1_112' title='bbox 164 1277 450 1340; x_wconf 88' lang='lat' dir='ltr'>Prosequar,</span> <span class='ocrx_word' id='word_1_113' title='bbox 472 1286 521 1324; x_wconf 87' lang='lat' dir='ltr'>et</span> <span class='ocrx_word' id='word_1_114' title='bbox 542 1278 656 1324; x_wconf 83' lang='lat' dir='ltr'>raris</span> <span class='ocrx_word' id='word_1_115' title='bbox 681 1279 890 1326; x_wconf 87' lang='lat' dir='ltr'>habitata</span> <span class='ocrx_word' id='word_1_116' title='bbox 918 1279 1118 1340; x_wconf 82' lang='lat' dir='ltr'>mapalia</span> <span class='ocrx_word' id='word_1_117' title='bbox 1145 1280 1280 1325; x_wconf 88' lang='lat' dir='ltr'>tectis</span> <span class='ocrx_word' id='word_1_118' title='bbox 1301 1280 1320 1326; x_wconf 72' lang='lat'>3</span> <span class='ocrx_word' id='word_1_119' title='bbox 1377 1286 1471 1328; x_wconf 74' lang='lat'>340</span> 
     </span>
     <span class='ocr_line' id='line_1_20' title="bbox 168 1344 1468 1406; baseline 0.002 -17"><span class='ocrx_word' id='word_1_120' title='bbox 168 1344 310 1406; x_wconf 84' lang='lat' dir='ltr'>Saepe</span> <span class='ocrx_word' id='word_1_121' title='bbox 329 1345 455 1392; x_wconf 85' lang='lat' dir='ltr'>(iiem</span> <span class='ocrx_word' id='word_1_122' title='bbox 473 1353 776 1406; x_wconf 85' lang='lat' dir='ltr'>noctemque,</span> <span class='ocrx_word' id='word_1_123' title='bbox 790 1353 1002 1392; x_wconf 85' lang='lat' dir='ltr'>ettotum</span> <span class='ocrx_word' id='word_1_124' title='bbox 1017 1363 1074 1392; x_wconf 83' lang='lat' dir='ltr'>ex</span> <span class='ocrx_word' id='word_1_125' title='bbox 1088 1346 1254 1392; x_wconf 85' lang='lat' dir='ltr'>ordine</span> <span class='ocrx_word' id='word_1_126' title='bbox 1267 1362 1468 1392; x_wconf 84' lang='lat' dir='ltr'>mensem</span> 
     </span>
     <span class='ocr_line' id='line_1_21' title="bbox 165 1410 1441 1473; baseline 0 -17"><span class='ocrx_word' id='word_1_127' title='bbox 165 1410 403 1466; x_wconf 86' lang='lat' dir='ltr'>Pascitur,</span> <span class='ocrx_word' id='word_1_128' title='bbox 424 1411 555 1472; x_wconf 87' lang='lat' dir='ltr'>itque</span> <span class='ocrx_word' id='word_1_129' title='bbox 583 1426 729 1472; x_wconf 88' lang='lat' dir='ltr'>pecus</span> <span class='ocrx_word' id='word_1_130' title='bbox 751 1412 893 1473; x_wconf 82' lang='lat' dir='ltr'>longa</span> <span class='ocrx_word' id='word_1_131' title='bbox 920 1413 965 1457; x_wconf 92' lang='lat' dir='ltr'>in</span> <span class='ocrx_word' id='word_1_132' title='bbox 993 1411 1181 1458; x_wconf 83' lang='lat' dir='ltr'>deserta</span> <span class='ocrx_word' id='word_1_133' title='bbox 1209 1412 1305 1458; x_wconf 88' lang='lat' dir='ltr'>sine</span> <span class='ocrx_word' id='word_1_134' title='bbox 1335 1413 1441 1457; x_wconf 83' lang='lat' dir='ltr'>ullis</span> 
     </span>
     <span class='ocr_line' id='line_1_22' title="bbox 168 1476 1440 1540; baseline 0.002 -18"><span class='ocrx_word' id='word_1_135' title='bbox 168 1476 429 1538; x_wconf 85' lang='lat' dir='ltr'>Hospitiis:</span> <span class='ocrx_word' id='word_1_136' title='bbox 469 1485 653 1523; x_wconf 90' lang='lat' dir='ltr'>tantum</span> <span class='ocrx_word' id='word_1_137' title='bbox 679 1478 1005 1540; x_wconf 86' lang='lat' dir='ltr'>campijacet.</span> <span class='ocrx_word' id='word_1_138' title='bbox 1077 1479 1254 1525; x_wconf 88' lang='lat' dir='ltr'>Omnia</span> <span class='ocrx_word' id='word_1_139' title='bbox 1279 1495 1440 1525; x_wconf 82' lang='lat' dir='ltr'>secum</span> 
     </span>
     <span class='ocr_line' id='line_1_23' title="bbox 168 1543 1384 1606; baseline 0.002 -19"><span class='ocrx_word' id='word_1_140' title='bbox 168 1543 495 1590; x_wconf 86' lang='lat' dir='ltr'>Armentarius</span> <span class='ocrx_word' id='word_1_141' title='bbox 517 1543 634 1589; x_wconf 78' lang='lat' dir='ltr'>Aser</span> <span class='ocrx_word' id='word_1_142' title='bbox 658 1545 771 1605; x_wconf 80' lang='lat' dir='ltr'>agit,</span> <span class='ocrx_word' id='word_1_143' title='bbox 796 1553 1093 1605; x_wconf 86' lang='lat' dir='ltr'>tectumque,</span> <span class='ocrx_word' id='word_1_144' title='bbox 1119 1544 1384 1606; x_wconf 84' lang='lat' dir='ltr'>laremque,</span> 
     </span>
     <span class='ocr_line' id='line_1_24' title="bbox 167 1611 1474 1673; baseline 0.003 -19"><span class='ocrx_word' id='word_1_145' title='bbox 167 1611 428 1672; x_wconf 87' lang='lat' dir='ltr'>Armaque,</span> <span class='ocrx_word' id='word_1_146' title='bbox 480 1611 872 1672; x_wconf 85' lang='lat' dir='ltr'>Amyclaeumque</span> <span class='ocrx_word' id='word_1_147' title='bbox 930 1626 1113 1667; x_wconf 83' lang='lat' dir='ltr'>canem,</span> <span class='ocrx_word' id='word_1_148' title='bbox 1160 1612 1474 1673; x_wconf 84' lang='lat' dir='ltr'>Cressamque</span> 
     </span>
     <span class='ocr_line' id='line_1_25' title="bbox 303 1677 595 1738; baseline 0 -17"><span class='ocrx_word' id='word_1_149' title='bbox 303 1677 595 1738; x_wconf 84' lang='lat' dir='ltr'>pharetram.</span> 
     </span>
     <span class='ocr_line' id='line_1_26' title="bbox 168 1741 1353 1804; baseline 0 -16"><span class='ocrx_word' id='word_1_150' title='bbox 168 1741 281 1788; x_wconf 88' lang='lat' dir='ltr'>Non</span> <span class='ocrx_word' id='word_1_151' title='bbox 309 1759 444 1789; x_wconf 83' lang='lat' dir='ltr'>secus</span> <span class='ocrx_word' id='word_1_152' title='bbox 468 1758 525 1790; x_wconf 90' lang='lat' dir='ltr'>ac</span> <span class='ocrx_word' id='word_1_153' title='bbox 550 1742 713 1804; x_wconf 86' lang='lat' dir='ltr'>patriis</span> <span class='ocrx_word' id='word_1_154' title='bbox 741 1759 851 1790; x_wconf 86' lang='lat' dir='ltr'>acer</span> <span class='ocrx_word' id='word_1_155' title='bbox 878 1743 1117 1790; x_wconf 84' lang='lat' dir='ltr'>Romanus</span> <span class='ocrx_word' id='word_1_156' title='bbox 1141 1743 1185 1790; x_wconf 90' lang='lat' dir='ltr'>in</span> <span class='ocrx_word' id='word_1_157' title='bbox 1212 1743 1353 1791; x_wconf 87' lang='lat' dir='ltr'>armis</span> 
     </span>
     <span class='ocr_line' id='line_1_27' title="bbox 169 1806 1333 1872; baseline -0.001 -16"><span class='ocrx_word' id='word_1_158' title='bbox 169 1806 357 1870; x_wconf 87' lang='lat' dir='ltr'>Injusto</span> <span class='ocrx_word' id='word_1_159' title='bbox 385 1810 472 1856; x_wconf 91' lang='lat' dir='ltr'>sub</span> <span class='ocrx_word' id='word_1_160' title='bbox 499 1808 627 1855; x_wconf 79' lang='lat' dir='ltr'>fasce</span> <span class='ocrx_word' id='word_1_161' title='bbox 653 1811 773 1855; x_wconf 87' lang='lat' dir='ltr'>viam</span> <span class='ocrx_word' id='word_1_162' title='bbox 800 1810 911 1856; x_wconf 70' lang='lat' dir='ltr'>cnm</span> <span class='ocrx_word' id='word_1_163' title='bbox 939 1811 1109 1872; x_wconf 91' lang='lat' dir='ltr'>carpit,</span> <span class='ocrx_word' id='word_1_164' title='bbox 1136 1820 1182 1858; x_wconf 92' lang='lat' dir='ltr'>et</span> <span class='ocrx_word' id='word_1_165' title='bbox 1209 1811 1333 1857; x_wconf 86' lang='lat' dir='ltr'>hosti</span> 
     </span>
     <span class='ocr_line' id='line_1_28' title="bbox 171 1876 1434 1938; baseline 0.002 -16"><span class='ocrx_word' id='word_1_166' title='bbox 171 1877 297 1922; x_wconf 88' lang='lat' dir='ltr'>Ante</span> <span class='ocrx_word' id='word_1_167' title='bbox 322 1884 627 1938; x_wconf 76' lang='lat' dir='ltr'>expectatum</span> <span class='ocrx_word' id='word_1_168' title='bbox 656 1877 824 1938; x_wconf 86' lang='lat' dir='ltr'>positis</span> <span class='ocrx_word' id='word_1_169' title='bbox 850 1884 944 1922; x_wconf 88' lang='lat' dir='ltr'>stat</span> <span class='ocrx_word' id='word_1_170' title='bbox 969 1877 1015 1922; x_wconf 91' lang='lat' dir='ltr'>in</span> <span class='ocrx_word' id='word_1_171' title='bbox 1041 1879 1225 1938; x_wconf 80' lang='lat' dir='ltr'>agmine</span> <span class='ocrx_word' id='word_1_172' title='bbox 1253 1876 1434 1924; x_wconf 81' lang='lat' dir='ltr'>castriS.</span> 
     </span>
     <span class='ocr_line' id='line_1_29' title="bbox 240 1941 1476 2005; baseline 0.002 -18"><span class='ocrx_word' id='word_1_173' title='bbox 240 1946 304 1988; x_wconf 82' lang='lat' dir='ltr'>At</span> <span class='ocrx_word' id='word_1_174' title='bbox 321 1959 431 1999; x_wconf 90' lang='lat' dir='ltr'>non,</span> <span class='ocrx_word' id='word_1_175' title='bbox 451 1941 544 2004; x_wconf 73' lang='lat' dir='ltr'>qua</span> <span class='ocrx_word' id='word_1_176' title='bbox 561 1943 770 2005; x_wconf 73' lang='lat' dir='ltr'>Scythiae</span> <span class='ocrx_word' id='word_1_177' title='bbox 790 1951 970 2002; x_wconf 78' lang='lat' dir='ltr'>genteS,</span> <span class='ocrx_word' id='word_1_178' title='bbox 989 1945 1313 2004; x_wconf 83' lang='lat' dir='ltr'>Maeoticaque</span> <span class='ocrx_word' id='word_1_179' title='bbox 1329 1945 1476 1999; x_wconf 85' lang='lat' dir='ltr'>unda,</span> 
     </span>
     <span class='ocr_line' id='line_1_30' title="bbox 172 2007 1477 2070; baseline 0.003 -17"><span class='ocrx_word' id='word_1_180' title='bbox 172 2007 424 2055; x_wconf 88' lang='lat' dir='ltr'>Turbidus</span> <span class='ocrx_word' id='word_1_181' title='bbox 444 2019 490 2056; x_wconf 90' lang='lat' dir='ltr'>et</span> <span class='ocrx_word' id='word_1_182' title='bbox 507 2017 735 2070; x_wconf 87' lang='lat' dir='ltr'>torquens</span> <span class='ocrx_word' id='word_1_183' title='bbox 762 2009 990 2056; x_wconf 87' lang='lat' dir='ltr'>flaventes</span> <span class='ocrx_word' id='word_1_184' title='bbox 1015 2011 1132 2056; x_wconf 84' lang='lat' dir='ltr'>Ister</span> <span class='ocrx_word' id='word_1_185' title='bbox 1151 2025 1316 2055; x_wconf 83' lang='lat' dir='ltr'>arenas</span> <span class='ocrx_word' id='word_1_186' title='bbox 1340 2026 1351 2063; x_wconf 89' lang='lat'>;</span> <span class='ocrx_word' id='word_1_187' title='bbox 1380 2016 1477 2057; x_wconf 81' lang='lat'>350</span> 
     </span>
     <span class='ocr_line' id='line_1_31' title="bbox 176 2074 1476 2138; baseline 0.002 -19"><span class='ocrx_word' id='word_1_188' title='bbox 176 2074 376 2136; x_wconf 70' lang='lat' dir='ltr'>Quaque</span> <span class='ocrx_word' id='word_1_189' title='bbox 387 2074 510 2122; x_wconf 80' lang='lat' dir='ltr'>redit</span> <span class='ocrx_word' id='word_1_190' title='bbox 523 2075 728 2122; x_wconf 87' lang='lat' dir='ltr'>medium</span> <span class='ocrx_word' id='word_1_191' title='bbox 745 2077 979 2138; x_wconf 78' lang='lat' dir='ltr'>Rhodope</span> <span class='ocrx_word' id='word_1_192' title='bbox 994 2085 1214 2138; x_wconf 83' lang='lat' dir='ltr'>porrecta</span> <span class='ocrx_word' id='word_1_193' title='bbox 1227 2076 1311 2121; x_wconf 86' lang='lat' dir='ltr'>sub</span> <span class='ocrx_word' id='word_1_194' title='bbox 1324 2092 1476 2122; x_wconf 74' lang='lat' dir='ltr'>axem.</span> 
     </span>
     <span class='ocr_line' id='line_1_32' title="bbox 175 2141 1478 2202; baseline 0.002 -17"><span class='ocrx_word' id='word_1_195' title='bbox 175 2141 282 2186; x_wconf 75' lang='lat' dir='ltr'>wic</span> <span class='ocrx_word' id='word_1_196' title='bbox 308 2142 466 2188; x_wconf 87' lang='lat' dir='ltr'>clausa</span> <span class='ocrx_word' id='word_1_197' title='bbox 492 2150 658 2189; x_wconf 82' lang='lat' dir='ltr'>tenent</span> <span class='ocrx_word' id='word_1_198' title='bbox 692 2142 888 2188; x_wconf 80' lang='lat' dir='ltr'>stabulis</span> <span class='ocrx_word' id='word_1_199' title='bbox 914 2151 1152 2196; x_wconf 74' lang='lat' dir='ltr'>armenta:</span> <span class='ocrx_word' id='word_1_200' title='bbox 1186 2158 1340 2202; x_wconf 82' lang='lat' dir='ltr'>neque</span> <span class='ocrx_word' id='word_1_201' title='bbox 1369 2142 1478 2187; x_wconf 78' lang='lat' dir='ltr'>ullae</span> 
     </span>
     <span class='ocr_line' id='line_1_33' title="bbox 175 2208 1478 2271; baseline 0.002 -17"><span class='ocrx_word' id='word_1_202' title='bbox 175 2210 276 2254; x_wconf 90' lang='lat' dir='ltr'>Aut</span> <span class='ocrx_word' id='word_1_203' title='bbox 302 2209 461 2255; x_wconf 86' lang='lat' dir='ltr'>herbae</span> <span class='ocrx_word' id='word_1_204' title='bbox 486 2224 660 2270; x_wconf 89' lang='lat' dir='ltr'>campo</span> <span class='ocrx_word' id='word_1_205' title='bbox 686 2219 937 2271; x_wconf 82' lang='lat' dir='ltr'>apparent,</span> <span class='ocrx_word' id='word_1_206' title='bbox 960 2217 1040 2255; x_wconf 90' lang='lat' dir='ltr'>aut</span> <span class='ocrx_word' id='word_1_207' title='bbox 1065 2209 1233 2255; x_wconf 85' lang='lat' dir='ltr'>arbore</span> <span class='ocrx_word' id='word_1_208' title='bbox 1258 2208 1478 2256; x_wconf 86' lang='lat' dir='ltr'>frondes:</span> 
     </span>
     <span class='ocr_line' id='line_1_34' title="bbox 176 2273 1315 2336; baseline -0.002 -15"><span class='ocrx_word' id='word_1_209' title='bbox 176 2274 270 2321; x_wconf 84' lang='lat' dir='ltr'>Sed</span> <span class='ocrx_word' id='word_1_210' title='bbox 289 2273 426 2334; x_wconf 87' lang='lat' dir='ltr'>jacet</span> <span class='ocrx_word' id='word_1_211' title='bbox 450 2276 696 2336; x_wconf 78' lang='lat' dir='ltr'>aggeribus</span> <span class='ocrx_word' id='word_1_212' title='bbox 725 2275 869 2322; x_wconf 88' lang='lat' dir='ltr'>niveis</span> <span class='ocrx_word' id='word_1_213' title='bbox 894 2274 1126 2332; x_wconf 82' lang='lat' dir='ltr'>informis,</span> <span class='ocrx_word' id='word_1_214' title='bbox 1146 2283 1191 2322; x_wconf 92' lang='lat' dir='ltr'>et</span> <span class='ocrx_word' id='word_1_215' title='bbox 1217 2275 1315 2320; x_wconf 87' lang='lat' dir='ltr'>alto</span> 
     </span>
     <span class='ocr_line' id='line_1_35' title="bbox 176 2341 1368 2404; baseline 0.001 -18"><span class='ocrx_word' id='word_1_216' title='bbox 176 2342 330 2387; x_wconf 87' lang='lat' dir='ltr'>Terra</span> <span class='ocrx_word' id='word_1_217' title='bbox 353 2341 458 2401; x_wconf 84' lang='lat' dir='ltr'>gelu</span> <span class='ocrx_word' id='word_1_218' title='bbox 485 2342 595 2396; x_wconf 77' lang='lat' dir='ltr'>late,</span> <span class='ocrx_word' id='word_1_219' title='bbox 624 2349 903 2404; x_wconf 82' lang='lat' dir='ltr'>septemque</span> <span class='ocrx_word' id='word_1_220' title='bbox 926 2342 1125 2403; x_wconf 82' lang='lat' dir='ltr'>assurgit</span> <span class='ocrx_word' id='word_1_221' title='bbox 1146 2343 1192 2387; x_wconf 88' lang='lat' dir='ltr'>in</span> <span class='ocrx_word' id='word_1_222' title='bbox 1219 2342 1368 2387; x_wconf 84' lang='lat' dir='ltr'>ulnas.</span> 
     </span>
     <span class='ocr_line' id='line_1_36' title="bbox 177 2406 1431 2470; baseline 0.002 -19"><span class='ocrx_word' id='word_1_223' title='bbox 177 2406 374 2468; x_wconf 82' lang='lat' dir='ltr'>Semper</span> <span class='ocrx_word' id='word_1_224' title='bbox 399 2408 580 2470; x_wconf 80' lang='lat' dir='ltr'>hyemS,</span> <span class='ocrx_word' id='word_1_225' title='bbox 607 2423 793 2468; x_wconf 83' lang='lat' dir='ltr'>semper</span> <span class='ocrx_word' id='word_1_226' title='bbox 816 2407 1043 2469; x_wconf 87' lang='lat' dir='ltr'>spirantes</span> <span class='ocrx_word' id='word_1_227' title='bbox 1067 2408 1244 2468; x_wconf 81' lang='lat' dir='ltr'>frigora</span> <span class='ocrx_word' id='word_1_228' title='bbox 1271 2406 1431 2454; x_wconf 87' lang='lat' dir='ltr'>Cauri.</span> 
     </span>
     <span class='ocr_line' id='line_1_37' title="bbox 176 2472 1480 2538; baseline 0.002 -18"><span class='ocrx_word' id='word_1_229' title='bbox 176 2472 300 2520; x_wconf 85' lang='lat' dir='ltr'>Tum</span> <span class='ocrx_word' id='word_1_230' title='bbox 321 2472 401 2520; x_wconf 89' lang='lat' dir='ltr'>Sol</span> <span class='ocrx_word' id='word_1_231' title='bbox 418 2473 648 2536; x_wconf 88' lang='lat' dir='ltr'>pallentes</span> <span class='ocrx_word' id='word_1_232' title='bbox 669 2474 794 2521; x_wconf 84' lang='lat' dir='ltr'>haud</span> <span class='ocrx_word' id='word_1_233' title='bbox 816 2490 1023 2538; x_wconf 83' lang='lat' dir='ltr'>unquam</span> <span class='ocrx_word' id='word_1_234' title='bbox 1047 2474 1242 2522; x_wconf 73' lang='lat' dir='ltr'>discutit</span> <span class='ocrx_word' id='word_1_235' title='bbox 1266 2474 1480 2522; x_wconf 83' lang='lat' dir='ltr'>umbras:</span> 
     </span>
    </p>
   </div>
  </div>
 </body>
</html>
