<?xml version="1.0" encoding="UTF-8"?>
<!DOCTYPE html PUBLIC "-//W3C//DTD XHTML 1.0 Transitional//EN"
    "http://www.w3.org/TR/xhtml1/DTD/xhtml1-transitional.dtd">
<html xmlns="http://www.w3.org/1999/xhtml" xml:lang="en" lang="en">
 <head>
  <title>
</title>
<meta http-equiv="Content-Type" content="text/html;charset=utf-8" />
  <meta name='ocr-system' content='tesseract 3.04.00' />
  <meta name='ocr-capabilities' content='ocr_page ocr_carea ocr_par ocr_line ocrx_word'/>
</head>
<body>
  <div class='ocr_page' id='page_1' title='image "./operaadfidemopti00virguoft/operaadfidemopti00virguoft_0134.png"; bbox 0 0 1607 2700; ppageno 0'>
   <div class='ocr_carea' id='block_1_1' title="bbox 136 99 1107 142">
    <p class='ocr_par' dir='ltr' id='par_1_1' title="bbox 136 99 1107 142">
     <span class='ocr_line' id='line_1_1' title="bbox 136 99 1107 142; baseline -0.004 -2"><span class='ocrx_word' id='word_1_1' title='bbox 136 99 231 142; x_wconf 84' lang='lat'>130</span> <span class='ocrx_word' id='word_1_2' title='bbox 473 103 522 137; x_wconf 83' lang='grc' dir='ltr'>Ρ.</span> <span class='ocrx_word' id='word_1_3' title='bbox 560 101 808 136; x_wconf 75' lang='lat' dir='ltr'>V1R61L11</span> <span class='ocrx_word' id='word_1_4' title='bbox 849 101 1107 136; x_wconf 78' lang='lat' dir='ltr'>MARoNrs</span> 
     </span>
    </p>
   </div>
   <div class='ocr_carea' id='block_1_2' title="bbox 123 221 1443 2618">
    <p class='ocr_par' dir='ltr' id='par_1_2' title="bbox 128 221 1395 470">
     <span class='ocr_line' id='line_1_2' title="bbox 129 221 1395 280; baseline -0.001 -9"><span class='ocrx_word' id='word_1_5' title='bbox 129 226 197 272; x_wconf 91' lang='lat' dir='ltr'>Ut</span> <span class='ocrx_word' id='word_1_6' title='bbox 219 223 455 280; x_wconf 81' lang='lat' dir='ltr'><strong>caderem,</strong></span> <span class='ocrx_word' id='word_1_7' title='bbox 484 222 705 270; x_wconf 86' lang='lat' dir='ltr'>meruisse</span> <span class='ocrx_word' id='word_1_8' title='bbox 732 236 888 268; x_wconf 90' lang='lat' dir='ltr'>manu.</span> <span class='ocrx_word' id='word_1_9' title='bbox 960 221 1243 269; x_wconf 83' lang='lat' dir='ltr'>Divellimur</span> <span class='ocrx_word' id='word_1_10' title='bbox 1266 222 1395 280; x_wconf 80' lang='lat' dir='ltr'>inde,</span> 
     </span>
     <span class='ocr_line' id='line_1_3' title="bbox 129 289 1385 353; baseline 0 -17"><span class='ocrx_word' id='word_1_11' title='bbox 129 291 318 353; x_wconf 80' lang='lat' dir='ltr'><strong>Iphitus</strong></span> <span class='ocrx_word' id='word_1_12' title='bbox 337 299 384 336; x_wconf 94' lang='lat' dir='ltr'>et</span> <span class='ocrx_word' id='word_1_13' title='bbox 408 290 560 337; x_wconf 84' lang='lat' dir='ltr'>Pelias</span> <span class='ocrx_word' id='word_1_14' title='bbox 584 305 794 341; x_wconf 88' lang='lat' dir='ltr'>mecum;</span> <span class='ocrx_word' id='word_1_15' title='bbox 834 305 1036 350; x_wconf 87' lang='lat' dir='ltr'>quorum</span> <span class='ocrx_word' id='word_1_16' title='bbox 1064 289 1253 350; x_wconf 86' lang='lat' dir='ltr'>Iphitus</span> <span class='ocrx_word' id='word_1_17' title='bbox 1280 306 1385 336; x_wconf 84' lang='lat' dir='ltr'>aevo</span> 
     </span>
     <span class='ocr_line' id='line_1_4' title="bbox 128 354 1304 417; baseline -0.001 -14"><span class='ocrx_word' id='word_1_18' title='bbox 128 358 233 404; x_wconf 87' lang='lat' dir='ltr'>Jam</span> <span class='ocrx_word' id='word_1_19' title='bbox 255 358 454 417; x_wconf 81' lang='lat' dir='ltr'>gravior,</span> <span class='ocrx_word' id='word_1_20' title='bbox 484 357 633 403; x_wconf 84' lang='lat' dir='ltr'>Pelias</span> <span class='ocrx_word' id='word_1_21' title='bbox 659 367 705 401; x_wconf 90' lang='lat' dir='ltr'>et</span> <span class='ocrx_word' id='word_1_22' title='bbox 731 354 921 401; x_wconf 84' lang='lat' dir='ltr'>vulnere</span> <span class='ocrx_word' id='word_1_23' title='bbox 941 355 1104 402; x_wconf 82' lang='lat' dir='ltr'>tardus</span> <span class='ocrx_word' id='word_1_24' title='bbox 1145 356 1304 412; x_wconf 82' lang='lat' dir='ltr'>Ulixi;</span> 
     </span>
     <span class='ocr_line' id='line_1_5' title="bbox 130 421 1241 470; baseline -0.001 0"><span class='ocrx_word' id='word_1_25' title='bbox 130 424 362 470; x_wconf 89' lang='lat' dir='ltr'>Protenus</span> <span class='ocrx_word' id='word_1_26' title='bbox 387 423 447 469; x_wconf 92' lang='lat' dir='ltr'>ad</span> <span class='ocrx_word' id='word_1_27' title='bbox 474 423 611 469; x_wconf 89' lang='lat' dir='ltr'>sedes</span> <span class='ocrx_word' id='word_1_28' title='bbox 636 421 811 469; x_wconf 87' lang='lat' dir='ltr'>Priami</span> <span class='ocrx_word' id='word_1_29' title='bbox 836 422 1042 469; x_wconf 88' lang='lat' dir='ltr'>clamore</span> <span class='ocrx_word' id='word_1_30' title='bbox 1068 423 1241 470; x_wconf 89' lang='lat' dir='ltr'>vocati.</span> 
     </span>
    </p>

    <p class='ocr_par' dir='ltr' id='par_1_3' title="bbox 124 490 1443 1485">
     <span class='ocr_line' id='line_1_6' title="bbox 196 490 1439 552; baseline -0.001 -16"><span class='ocrx_word' id='word_1_31' title='bbox 196 491 290 537; x_wconf 88' lang='lat' dir='ltr'>Hic</span> <span class='ocrx_word' id='word_1_32' title='bbox 318 490 677 552; x_wconf 79' lang='lat' dir='ltr'>veroiugentem</span> <span class='ocrx_word' id='word_1_33' title='bbox 700 497 1192 550; x_wconf 85' lang='lat' dir='ltr'>pugnam,ceucetera</span> <span class='ocrx_word' id='word_1_34' title='bbox 1205 506 1439 552; x_wconf 90' lang='lat' dir='ltr'>nusquam</span> 
     </span>
     <span class='ocr_line' id='line_1_7' title="bbox 127 555 1441 618; baseline 0 -16"><span class='ocrx_word' id='word_1_35' title='bbox 127 556 260 604; x_wconf 89' lang='lat' dir='ltr'>Bella</span> <span class='ocrx_word' id='word_1_36' title='bbox 284 556 449 612; x_wconf 85' lang='lat' dir='ltr'>forent,</span> <span class='ocrx_word' id='word_1_37' title='bbox 479 556 592 602; x_wconf 88' lang='lat' dir='ltr'>nulli</span> <span class='ocrx_word' id='word_1_38' title='bbox 618 557 721 602; x_wconf 70' lang='lat' dir='ltr'>tot-a</span> <span class='ocrx_word' id='word_1_39' title='bbox 749 564 1038 601; x_wconf 83' lang='lat' dir='ltr'>morerentur</span> <span class='ocrx_word' id='word_1_40' title='bbox 1072 555 1117 600; x_wconf 89' lang='lat' dir='ltr'>in</span> <span class='ocrx_word' id='word_1_41' title='bbox 1146 556 1291 611; x_wconf 62' lang='lat' dir='ltr'>urbe:</span> <span class='ocrx_word' id='word_1_42' title='bbox 1349 557 1441 618; x_wconf 88' lang='lat' dir='ltr'>[tes</span> 
     </span>
     <span class='ocr_line' id='line_1_8' title="bbox 128 621 1441 683; baseline -0.002 -13"><span class='ocrx_word' id='word_1_43' title='bbox 128 623 209 671; x_wconf 86' lang='lat' dir='ltr'>Sic</span> <span class='ocrx_word' id='word_1_44' title='bbox 239 625 440 669; x_wconf 83' lang='lat' dir='ltr'>Martem</span> <span class='ocrx_word' id='word_1_45' title='bbox 462 622 746 669; x_wconf 87' lang='lat' dir='ltr'>indomitum</span> <span class='ocrx_word' id='word_1_46' title='bbox 766 622 1055 683; x_wconf 83' lang='lat' dir='ltr'>Danaosque</span> <span class='ocrx_word' id='word_1_47' title='bbox 1075 621 1131 666; x_wconf 93' lang='lat' dir='ltr'>ad</span> <span class='ocrx_word' id='word_1_48' title='bbox 1154 630 1282 670; x_wconf 88' lang='lat' dir='ltr'>tecta</span> <span class='ocrx_word' id='word_1_49' title='bbox 1300 639 1441 669; x_wconf 86' lang='lat' dir='ltr'>ruen-</span> 
     </span>
     <span class='ocr_line' id='line_1_9' title="bbox 129 687 1431 749; baseline 0 -13"><span class='ocrx_word' id='word_1_50' title='bbox 129 690 393 744; x_wconf 82' lang='lat' dir='ltr'>CernimuS,</span> <span class='ocrx_word' id='word_1_51' title='bbox 416 691 760 749; x_wconf 88' lang='lat' dir='ltr'>obsessumque</span> <span class='ocrx_word' id='word_1_52' title='bbox 777 689 884 733; x_wconf 71' lang='lat' dir='ltr'>acta</span> <span class='ocrx_word' id='word_1_53' title='bbox 899 687 1139 734; x_wconf 82' lang='lat' dir='ltr'>testudine</span> <span class='ocrx_word' id='word_1_54' title='bbox 1157 688 1315 735; x_wconf 88' lang='lat' dir='ltr'>limen.</span> <span class='ocrx_word' id='word_1_55' title='bbox 1342 696 1431 736; x_wconf 75' lang='lat'>441</span> 
     </span>
     <span class='ocr_line' id='line_1_10' title="bbox 126 755 1353 817; baseline 0.001 -17"><span class='ocrx_word' id='word_1_56' title='bbox 126 755 326 802; x_wconf 86' lang='lat' dir='ltr'>Haerent</span> <span class='ocrx_word' id='word_1_57' title='bbox 350 756 613 817; x_wconf 86' lang='lat' dir='ltr'>parietibus</span> <span class='ocrx_word' id='word_1_58' title='bbox 639 755 796 810; x_wconf 88' lang='lat' dir='ltr'>scalae,</span> <span class='ocrx_word' id='word_1_59' title='bbox 829 762 1083 816; x_wconf 89' lang='lat' dir='ltr'>postesque</span> <span class='ocrx_word' id='word_1_60' title='bbox 1108 755 1198 800; x_wconf 89' lang='lat' dir='ltr'>sub</span> <span class='ocrx_word' id='word_1_61' title='bbox 1223 755 1353 817; x_wconf 90' lang='lat' dir='ltr'>ipsos</span> 
     </span>
     <span class='ocr_line' id='line_1_11' title="bbox 126 821 1374 884; baseline 0 -16"><span class='ocrx_word' id='word_1_62' title='bbox 126 821 360 868; x_wconf 88' lang='lat' dir='ltr'>Nituntur</span> <span class='ocrx_word' id='word_1_63' title='bbox 383 822 620 884; x_wconf 84' lang='lat' dir='ltr'>gradibus,</span> <span class='ocrx_word' id='word_1_64' title='bbox 649 821 941 884; x_wconf 76' lang='lat' dir='ltr'>clypeosque</span> <span class='ocrx_word' id='word_1_65' title='bbox 967 822 1028 867; x_wconf 90' lang='lat' dir='ltr'>ad</span> <span class='ocrx_word' id='word_1_66' title='bbox 1058 822 1149 868; x_wconf 88' lang='lat' dir='ltr'>tela</span> <span class='ocrx_word' id='word_1_67' title='bbox 1173 821 1374 868; x_wconf 86' lang='lat' dir='ltr'>sinistris</span> 
     </span>
     <span class='ocr_line' id='line_1_12' title="bbox 125 887 1306 950; baseline 0.002 -16"><span class='ocrx_word' id='word_1_68' title='bbox 125 887 336 935; x_wconf 86' lang='lat' dir='ltr'>Protecti</span> <span class='ocrx_word' id='word_1_69' title='bbox 362 889 618 950; x_wconf 89' lang='lat' dir='ltr'>objiciunt,</span> <span class='ocrx_word' id='word_1_70' title='bbox 648 898 874 949; x_wconf 82' lang='lat' dir='ltr'>prensant</span> <span class='ocrx_word' id='word_1_71' title='bbox 897 887 1082 948; x_wconf 77' lang='lat' dir='ltr'>fastigia</span> <span class='ocrx_word' id='word_1_72' title='bbox 1106 887 1306 937; x_wconf 78' lang='lat' dir='ltr'>dextris,</span> 
     </span>
     <span class='ocr_line' id='line_1_13' title="bbox 126 954 1441 1017; baseline -0.001 -17"><span class='ocrx_word' id='word_1_73' title='bbox 126 954 416 1002; x_wconf 69' lang='lat' dir='ltr'>Dardanidae</span> <span class='ocrx_word' id='word_1_74' title='bbox 433 955 601 1002; x_wconf 74' lang='lat' dir='ltr'>contra</span> <span class='ocrx_word' id='word_1_75' title='bbox 623 964 772 1001; x_wconf 86' lang='lat' dir='ltr'>turres</span> <span class='ocrx_word' id='word_1_76' title='bbox 792 970 849 999; x_wconf 86' lang='lat' dir='ltr'>ao</span> <span class='ocrx_word' id='word_1_77' title='bbox 865 962 995 1001; x_wconf 84' lang='lat' dir='ltr'>tecta</span> <span class='ocrx_word' id='word_1_78' title='bbox 1012 954 1263 1001; x_wconf 86' lang='lat' dir='ltr'>domorum</span> <span class='ocrx_word' id='word_1_79' title='bbox 1281 956 1441 1017; x_wconf 84' lang='lat' dir='ltr'>[nuut,</span> 
     </span>
     <span class='ocr_line' id='line_1_14' title="bbox 127 1020 1443 1080; baseline -0.001 -11"><span class='ocrx_word' id='word_1_80' title='bbox 127 1022 345 1069; x_wconf 89' lang='lat' dir='ltr'>Culmina</span> <span class='ocrx_word' id='word_1_81' title='bbox 369 1022 671 1068; x_wconf 80' lang='lat' dir='ltr'>convellunt:</span> <span class='ocrx_word' id='word_1_82' title='bbox 725 1020 794 1067; x_wconf 87' lang='lat' dir='ltr'>his</span> <span class='ocrx_word' id='word_1_83' title='bbox 822 1038 886 1077; x_wconf 86' lang='lat' dir='ltr'>se,</span> <span class='ocrx_word' id='word_1_84' title='bbox 927 1021 1122 1080; x_wconf 89' lang='lat' dir='ltr'>quando</span> <span class='ocrx_word' id='word_1_85' title='bbox 1149 1021 1314 1068; x_wconf 89' lang='lat' dir='ltr'>ultima</span> <span class='ocrx_word' id='word_1_86' title='bbox 1340 1037 1443 1068; x_wconf 86' lang='lat' dir='ltr'>cer-</span> 
     </span>
     <span class='ocr_line' id='line_1_15' title="bbox 128 1087 1371 1151; baseline 0 -17"><span class='ocrx_word' id='word_1_87' title='bbox 128 1090 357 1136; x_wconf 71' lang='lat' dir='ltr'>Extrema</span> <span class='ocrx_word' id='word_1_88' title='bbox 374 1090 478 1151; x_wconf 87' lang='lat' dir='ltr'>jam</span> <span class='ocrx_word' id='word_1_89' title='bbox 506 1090 553 1134; x_wconf 92' lang='lat' dir='ltr'>in</span> <span class='ocrx_word' id='word_1_90' title='bbox 578 1098 731 1135; x_wconf 90' lang='lat' dir='ltr'>morte</span> <span class='ocrx_word' id='word_1_91' title='bbox 756 1096 927 1149; x_wconf 84' lang='lat' dir='ltr'>parant</span> <span class='ocrx_word' id='word_1_92' title='bbox 951 1087 1209 1134; x_wconf 84' lang='lat' dir='ltr'>defendere</span> <span class='ocrx_word' id='word_1_93' title='bbox 1236 1089 1371 1144; x_wconf 85' lang='lat' dir='ltr'>telis;</span> 
     </span>
     <span class='ocr_line' id='line_1_16' title="bbox 125 1154 1440 1217; baseline 0.001 -17"><span class='ocrx_word' id='word_1_94' title='bbox 125 1157 426 1217; x_wconf 88' lang='lat' dir='ltr'>Auratasque</span> <span class='ocrx_word' id='word_1_95' title='bbox 445 1157 617 1211; x_wconf 87' lang='lat' dir='ltr'>trabes,</span> <span class='ocrx_word' id='word_1_96' title='bbox 641 1165 850 1201; x_wconf 87' lang='lat' dir='ltr'>veterum</span> <span class='ocrx_word' id='word_1_97' title='bbox 868 1154 1042 1200; x_wconf 84' lang='lat' dir='ltr'>decora</span> <span class='ocrx_word' id='word_1_98' title='bbox 1059 1154 1156 1200; x_wconf 84' lang='lat' dir='ltr'>alta</span> <span class='ocrx_word' id='word_1_99' title='bbox 1172 1164 1440 1216; x_wconf 86' lang='lat' dir='ltr'>parentum,</span> 
     </span>
     <span class='ocr_line' id='line_1_17' title="bbox 126 1221 1210 1269; baseline 0 -2"><span class='ocrx_word' id='word_1_100' title='bbox 126 1222 430 1268; x_wconf 82' lang='lat' dir='ltr'>Devolvunt:</span> <span class='ocrx_word' id='word_1_101' title='bbox 469 1223 548 1269; x_wconf 87' lang='lat' dir='ltr'>alii</span> <span class='ocrx_word' id='word_1_102' title='bbox 573 1221 742 1269; x_wconf 85' lang='lat' dir='ltr'>strictis</span> <span class='ocrx_word' id='word_1_103' title='bbox 763 1221 1070 1267; x_wconf 85' lang='lat' dir='ltr'>mucronibus</span> <span class='ocrx_word' id='word_1_104' title='bbox 1096 1222 1210 1267; x_wconf 90' lang='lat' dir='ltr'>imas</span> 
     </span>
     <span class='ocr_line' id='line_1_18' title="bbox 126 1286 1442 1349; baseline 0 -15"><span class='ocrx_word' id='word_1_105' title='bbox 126 1288 376 1337; x_wconf 72' lang='lat' dir='ltr'>Obsedere</span> <span class='ocrx_word' id='word_1_106' title='bbox 401 1289 544 1346; x_wconf 89' lang='lat' dir='ltr'>fores,</span> <span class='ocrx_word' id='word_1_107' title='bbox 583 1289 667 1335; x_wconf 87' lang='lat' dir='ltr'>has</span> <span class='ocrx_word' id='word_1_108' title='bbox 695 1296 883 1334; x_wconf 83' lang='lat' dir='ltr'>servant</span> <span class='ocrx_word' id='word_1_109' title='bbox 906 1287 1091 1349; x_wconf 86' lang='lat' dir='ltr'>agmine</span> <span class='ocrx_word' id='word_1_110' title='bbox 1116 1286 1281 1334; x_wconf 88' lang='lat' dir='ltr'>denso.</span> <span class='ocrx_word' id='word_1_111' title='bbox 1342 1294 1442 1336; x_wconf 88' lang='grc'>450</span> 
     </span>
     <span class='ocr_line' id='line_1_19' title="bbox 125 1354 1206 1414; baseline 0.001 -16"><span class='ocrx_word' id='word_1_112' title='bbox 125 1354 383 1404; x_wconf 84' lang='lat' dir='ltr'>Instaurati</span> <span class='ocrx_word' id='word_1_113' title='bbox 408 1356 570 1412; x_wconf 89' lang='lat' dir='ltr'>animi,</span> <span class='ocrx_word' id='word_1_114' title='bbox 609 1355 729 1414; x_wconf 83' lang='lat' dir='ltr'>regis</span> <span class='ocrx_word' id='word_1_115' title='bbox 750 1370 1025 1410; x_wconf 76' lang='lat' dir='ltr'>succurrere</span> <span class='ocrx_word' id='word_1_116' title='bbox 1051 1354 1206 1410; x_wconf 88' lang='lat' dir='ltr'>tectis,</span> 
     </span>
     <span class='ocr_line' id='line_1_20' title="bbox 124 1420 1352 1485; baseline 0 -18"><span class='ocrx_word' id='word_1_117' title='bbox 124 1423 415 1485; x_wconf 87' lang='lat' dir='ltr'>Auxilioque</span> <span class='ocrx_word' id='word_1_118' title='bbox 440 1423 594 1469; x_wconf 88' lang='lat' dir='ltr'>levare</span> <span class='ocrx_word' id='word_1_119' title='bbox 616 1423 756 1477; x_wconf 91' lang='lat' dir='ltr'>viros,</span> <span class='ocrx_word' id='word_1_120' title='bbox 782 1421 973 1482; x_wconf 89' lang='lat' dir='ltr'>vimque</span> <span class='ocrx_word' id='word_1_121' title='bbox 998 1420 1174 1467; x_wconf 85' lang='lat' dir='ltr'>addere</span> <span class='ocrx_word' id='word_1_122' title='bbox 1194 1420 1352 1468; x_wconf 77' lang='lat' dir='ltr'>victis,</span> 
     </span>
    </p>

    <p class='ocr_par' dir='ltr' id='par_1_4' title="bbox 123 1486 1440 2549">
     <span class='ocr_line' id='line_1_21' title="bbox 191 1486 1350 1550; baseline 0 -16"><span class='ocrx_word' id='word_1_123' title='bbox 191 1488 357 1537; x_wconf 89' lang='lat' dir='ltr'>Limen</span> <span class='ocrx_word' id='word_1_124' title='bbox 381 1498 496 1545; x_wconf 90' lang='lat' dir='ltr'>erat,</span> <span class='ocrx_word' id='word_1_125' title='bbox 524 1504 766 1549; x_wconf 83' lang='lat' dir='ltr'>caecaeque</span> <span class='ocrx_word' id='word_1_126' title='bbox 790 1486 932 1544; x_wconf 84' lang='lat' dir='ltr'>fores,</span> <span class='ocrx_word' id='word_1_127' title='bbox 959 1497 1006 1534; x_wconf 90' lang='lat' dir='ltr'>et</span> <span class='ocrx_word' id='word_1_128' title='bbox 1021 1486 1210 1550; x_wconf 91' lang='lat' dir='ltr'>pervius</span> <span class='ocrx_word' id='word_1_129' title='bbox 1238 1504 1350 1534; x_wconf 89' lang='lat' dir='ltr'>usus</span> 
     </span>
     <span class='ocr_line' id='line_1_22' title="bbox 123 1554 1284 1616; baseline -0.001 -16"><span class='ocrx_word' id='word_1_130' title='bbox 123 1554 385 1603; x_wconf 88' lang='lat' dir='ltr'>Tectorum</span> <span class='ocrx_word' id='word_1_131' title='bbox 408 1557 530 1602; x_wconf 88' lang='lat' dir='ltr'>inter</span> <span class='ocrx_word' id='word_1_132' title='bbox 554 1572 602 1601; x_wconf 88' lang='lat' dir='ltr'>se</span> <span class='ocrx_word' id='word_1_133' title='bbox 632 1554 818 1611; x_wconf 86' lang='lat' dir='ltr'>Priami,</span> <span class='ocrx_word' id='word_1_134' title='bbox 847 1563 1105 1616; x_wconf 84' lang='lat' dir='ltr'>postesque</span> <span class='ocrx_word' id='word_1_135' title='bbox 1130 1554 1284 1600; x_wconf 88' lang='lat' dir='ltr'>relicti</span> 
     </span>
     <span class='ocr_line' id='line_1_23' title="bbox 124 1620 1369 1685; baseline 0.001 -19"><span class='ocrx_word' id='word_1_136' title='bbox 124 1623 168 1666; x_wconf 93' lang='lat' dir='ltr'><strong>A</strong></span> <span class='ocrx_word' id='word_1_137' title='bbox 194 1630 352 1685; x_wconf 85' lang='lat' dir='ltr'>tergo:</span> <span class='ocrx_word' id='word_1_138' title='bbox 392 1622 555 1668; x_wconf 87' lang='lat' dir='ltr'>infelix</span> <span class='ocrx_word' id='word_1_139' title='bbox 582 1620 677 1682; x_wconf 77' lang='lat' dir='ltr'>qua</span> <span class='ocrx_word' id='word_1_140' title='bbox 703 1637 769 1676; x_wconf 89' lang='lat' dir='ltr'>se,</span> <span class='ocrx_word' id='word_1_141' title='bbox 796 1620 911 1667; x_wconf 88' lang='lat' dir='ltr'>dum</span> <span class='ocrx_word' id='word_1_142' title='bbox 936 1637 1079 1682; x_wconf 82' lang='lat' dir='ltr'>regna</span> <span class='ocrx_word' id='word_1_143' title='bbox 1099 1621 1369 1677; x_wconf 86' lang='lat' dir='ltr'>manebant,</span> 
     </span>
     <span class='ocr_line' id='line_1_24' title="bbox 125 1687 1330 1751; baseline 0.001 -18"><span class='ocrx_word' id='word_1_144' title='bbox 125 1687 313 1751; x_wconf 89' lang='lat' dir='ltr'>Saepius</span> <span class='ocrx_word' id='word_1_145' title='bbox 338 1689 675 1736; x_wconf 87' lang='lat' dir='ltr'>Andromache</span> <span class='ocrx_word' id='word_1_146' title='bbox 700 1687 820 1734; x_wconf 88' lang='lat' dir='ltr'>ferre</span> <span class='ocrx_word' id='word_1_147' title='bbox 843 1687 1119 1733; x_wconf 85' lang='lat' dir='ltr'>incomitata</span> <span class='ocrx_word' id='word_1_148' title='bbox 1144 1687 1330 1734; x_wconf 87' lang='lat' dir='ltr'>solebat</span> 
     </span>
     <span class='ocr_line' id='line_1_25' title="bbox 123 1754 1435 1818; baseline 0.001 -18"><span class='ocrx_word' id='word_1_149' title='bbox 123 1755 200 1800; x_wconf 91' lang='lat' dir='ltr'>Ad</span> <span class='ocrx_word' id='word_1_150' title='bbox 224 1772 434 1812; x_wconf 86' lang='lat' dir='ltr'>soceros,</span> <span class='ocrx_word' id='word_1_151' title='bbox 461 1764 507 1801; x_wconf 90' lang='lat' dir='ltr'>et</span> <span class='ocrx_word' id='word_1_152' title='bbox 533 1771 622 1801; x_wconf 86' lang='lat' dir='ltr'>avo</span> <span class='ocrx_word' id='word_1_153' title='bbox 649 1770 849 1818; x_wconf 87' lang='lat' dir='ltr'>puerum</span> <span class='ocrx_word' id='word_1_154' title='bbox 877 1757 1168 1817; x_wconf 69' lang='lat' dir='ltr'>Astyanacta</span> <span class='ocrx_word' id='word_1_155' title='bbox 1193 1754 1435 1801; x_wconf 86' lang='lat' dir='ltr'>trahebat.</span> 
     </span>
     <span class='ocr_line' id='line_1_26' title="bbox 126 1818 1204 1881; baseline -0.002 -13"><span class='ocrx_word' id='word_1_156' title='bbox 126 1818 300 1869; x_wconf 89' lang='lat' dir='ltr'>Evado</span> <span class='ocrx_word' id='word_1_157' title='bbox 320 1822 380 1868; x_wconf 89' lang='lat' dir='ltr'>ad</span> <span class='ocrx_word' id='word_1_158' title='bbox 407 1822 578 1868; x_wconf 89' lang='lat' dir='ltr'>summi</span> <span class='ocrx_word' id='word_1_159' title='bbox 603 1821 790 1881; x_wconf 84' lang='lat' dir='ltr'>fastigia</span> <span class='ocrx_word' id='word_1_160' title='bbox 814 1820 1051 1875; x_wconf 89' lang='lat' dir='ltr'>culminis,</span> <span class='ocrx_word' id='word_1_161' title='bbox 1078 1819 1204 1866; x_wconf 88' lang='lat' dir='ltr'>unde</span> 
     </span>
     <span class='ocr_line' id='line_1_27' title="bbox 123 1885 1238 1949; baseline -0.004 -13"><span class='ocrx_word' id='word_1_162' title='bbox 123 1890 245 1937; x_wconf 85' lang='lat' dir='ltr'>Tela</span> <span class='ocrx_word' id='word_1_163' title='bbox 270 1905 412 1935; x_wconf 90' lang='lat' dir='ltr'>manu</span> <span class='ocrx_word' id='word_1_164' title='bbox 436 1888 592 1935; x_wconf 87' lang='lat' dir='ltr'>miseri</span> <span class='ocrx_word' id='word_1_165' title='bbox 609 1887 868 1949; x_wconf 80' lang='lat' dir='ltr'>jactabant</span> <span class='ocrx_word' id='word_1_166' title='bbox 892 1887 1020 1933; x_wconf 89' lang='lat' dir='ltr'>irrita</span> <span class='ocrx_word' id='word_1_167' title='bbox 1043 1885 1238 1933; x_wconf 91' lang='lat' dir='ltr'>Teucri.</span> 
     </span>
     <span class='ocr_line' id='line_1_28' title="bbox 123 1953 1439 2017; baseline -0.002 -14"><span class='ocrx_word' id='word_1_168' title='bbox 123 1957 314 2003; x_wconf 87' lang='lat' dir='ltr'>Turrim</span> <span class='ocrx_word' id='word_1_169' title='bbox 339 1957 386 2001; x_wconf 88' lang='lat' dir='ltr'>iu</span> <span class='ocrx_word' id='word_1_170' title='bbox 405 1955 639 2017; x_wconf 79' lang='lat' dir='ltr'>praecipiti</span> <span class='ocrx_word' id='word_1_171' title='bbox 656 1963 874 2009; x_wconf 88' lang='lat' dir='ltr'>stantem,</span> <span class='ocrx_word' id='word_1_172' title='bbox 894 1953 1187 2014; x_wconf 88' lang='lat' dir='ltr'>summisque</span> <span class='ocrx_word' id='word_1_173' title='bbox 1209 1953 1296 2000; x_wconf 93' lang='lat' dir='ltr'>sub</span> <span class='ocrx_word' id='word_1_174' title='bbox 1316 1961 1439 2000; x_wconf 73' lang='lat' dir='ltr'>astra</span> 
     </span>
     <span class='ocr_line' id='line_1_29' title="bbox 125 2019 1432 2081; baseline -0.002 -12"><span class='ocrx_word' id='word_1_175' title='bbox 125 2025 360 2069; x_wconf 87' lang='lat' dir='ltr'>Eductam</span> <span class='ocrx_word' id='word_1_176' title='bbox 388 2023 542 2077; x_wconf 88' lang='lat' dir='ltr'>tectis,</span> <span class='ocrx_word' id='word_1_177' title='bbox 573 2022 698 2069; x_wconf 91' lang='lat' dir='ltr'>unde</span> <span class='ocrx_word' id='word_1_178' title='bbox 722 2020 871 2067; x_wconf 89' lang='lat' dir='ltr'>omnis</span> <span class='ocrx_word' id='word_1_179' title='bbox 895 2020 1046 2081; x_wconf 84' lang='lat' dir='ltr'>Troja</span> <span class='ocrx_word' id='word_1_180' title='bbox 1070 2019 1236 2075; x_wconf 84' lang='lat' dir='ltr'>videri,</span> <span class='ocrx_word' id='word_1_181' title='bbox 1340 2020 1432 2067; x_wconf 80' lang='lat'>461</span> 
     </span>
     <span class='ocr_line' id='line_1_30' title="bbox 124 2088 1302 2144; baseline -0.003 -8"><span class='ocrx_word' id='word_1_182' title='bbox 124 2090 189 2136; x_wconf 88' lang='lat' dir='ltr'>Et</span> <span class='ocrx_word' id='word_1_183' title='bbox 209 2088 432 2136; x_wconf 78' lang='lat' dir='ltr'>Danaum</span> <span class='ocrx_word' id='word_1_184' title='bbox 453 2089 609 2134; x_wconf 85' lang='lat' dir='ltr'>solitae</span> <span class='ocrx_word' id='word_1_185' title='bbox 627 2104 785 2143; x_wconf 88' lang='lat' dir='ltr'>naves,</span> <span class='ocrx_word' id='word_1_186' title='bbox 813 2094 862 2133; x_wconf 91' lang='lat' dir='ltr'>et</span> <span class='ocrx_word' id='word_1_187' title='bbox 886 2089 1100 2134; x_wconf 85' lang='lat' dir='ltr'>Achaica</span> <span class='ocrx_word' id='word_1_188' title='bbox 1123 2094 1302 2144; x_wconf 79' lang='lat' dir='ltr'>castra3</span> 
     </span>
     <span class='ocr_line' id='line_1_31' title="bbox 124 2153 1283 2218; baseline -0.004 -15"><span class='ocrx_word' id='word_1_189' title='bbox 124 2156 351 2218; x_wconf 81' lang='lat' dir='ltr'>Aggressi</span> <span class='ocrx_word' id='word_1_190' title='bbox 375 2154 498 2201; x_wconf 85' lang='lat' dir='ltr'>ferro</span> <span class='ocrx_word' id='word_1_191' title='bbox 523 2154 717 2210; x_wconf 75' lang='lat' dir='ltr'>circum,</span> <span class='ocrx_word' id='word_1_192' title='bbox 746 2153 841 2215; x_wconf 73' lang='lat' dir='ltr'>qua</span> <span class='ocrx_word' id='word_1_193' title='bbox 860 2170 1045 2200; x_wconf 86' lang='lat' dir='ltr'>summa</span> <span class='ocrx_word' id='word_1_194' title='bbox 1067 2154 1283 2199; x_wconf 87' lang='lat' dir='ltr'>labantes</span> 
     </span>
     <span class='ocr_line' id='line_1_32' title="bbox 123 2219 1307 2276; baseline -0.004 -6"><span class='ocrx_word' id='word_1_195' title='bbox 123 2223 381 2270; x_wconf 87' lang='lat' dir='ltr'>Juncturas</span> <span class='ocrx_word' id='word_1_196' title='bbox 407 2222 625 2268; x_wconf 85' lang='lat' dir='ltr'>tabulata</span> <span class='ocrx_word' id='word_1_197' title='bbox 649 2222 844 2276; x_wconf 89' lang='lat' dir='ltr'>dabant,</span> <span class='ocrx_word' id='word_1_198' title='bbox 866 2221 1174 2267; x_wconf 83' lang='lat' dir='ltr'>convellimus</span> <span class='ocrx_word' id='word_1_199' title='bbox 1199 2219 1307 2265; x_wconf 86' lang='lat' dir='ltr'>altis</span> 
     </span>
     <span class='ocr_line' id='line_1_33' title="bbox 125 2285 1440 2350; baseline -0.002 -15"><span class='ocrx_word' id='word_1_200' title='bbox 125 2287 345 2344; x_wconf 83' lang='lat' dir='ltr'>Sedibus,</span> <span class='ocrx_word' id='word_1_201' title='bbox 372 2288 762 2349; x_wconf 88' lang='lat' dir='ltr'>impulimusque.</span> <span class='ocrx_word' id='word_1_202' title='bbox 800 2288 869 2333; x_wconf 87' lang='lat' dir='ltr'>Ea</span> <span class='ocrx_word' id='word_1_203' title='bbox 892 2288 1025 2350; x_wconf 86' lang='lat' dir='ltr'>lapsa</span> <span class='ocrx_word' id='word_1_204' title='bbox 1039 2287 1235 2348; x_wconf 76' lang='lat' dir='ltr'>repente</span> <span class='ocrx_word' id='word_1_205' title='bbox 1257 2285 1440 2332; x_wconf 89' lang='lat' dir='ltr'>ruinam</span> 
     </span>
     <span class='ocr_line' id='line_1_34' title="bbox 126 2352 1438 2416; baseline -0.003 -14"><span class='ocrx_word' id='word_1_206' title='bbox 126 2355 248 2402; x_wconf 90' lang='lat' dir='ltr'>Cum</span> <span class='ocrx_word' id='word_1_207' title='bbox 275 2355 434 2402; x_wconf 84' lang='lat' dir='ltr'>sonitu</span> <span class='ocrx_word' id='word_1_208' title='bbox 459 2355 621 2411; x_wconf 81' lang='lat' dir='ltr'>trahit,</span> <span class='ocrx_word' id='word_1_209' title='bbox 641 2364 690 2401; x_wconf 90' lang='lat' dir='ltr'>et</span> <span class='ocrx_word' id='word_1_210' title='bbox 716 2352 941 2400; x_wconf 72' lang='lat' dir='ltr'>Danaum</span> <span class='ocrx_word' id='word_1_211' title='bbox 965 2370 1106 2416; x_wconf 89' lang='lat' dir='ltr'>super</span> <span class='ocrx_word' id='word_1_212' title='bbox 1130 2352 1321 2415; x_wconf 86' lang='lat' dir='ltr'>agmina</span> <span class='ocrx_word' id='word_1_213' title='bbox 1346 2353 1438 2398; x_wconf 76' lang='lat' dir='ltr'>late</span> 
     </span>
     <span class='ocr_line' id='line_1_35' title="bbox 128 2419 1355 2477; baseline -0.002 -9"><span class='ocrx_word' id='word_1_214' title='bbox 128 2421 326 2468; x_wconf 86' lang='lat' dir='ltr'>Incidit:</span> <span class='ocrx_word' id='word_1_215' title='bbox 363 2430 435 2468; x_wconf 91' lang='lat' dir='ltr'>ast</span> <span class='ocrx_word' id='word_1_216' title='bbox 459 2421 536 2467; x_wconf 92' lang='lat' dir='ltr'>alii</span> <span class='ocrx_word' id='word_1_217' title='bbox 561 2421 796 2476; x_wconf 79' lang='lat' dir='ltr'>subeunt;</span> <span class='ocrx_word' id='word_1_218' title='bbox 835 2437 923 2468; x_wconf 88' lang='lat' dir='ltr'>nec</span> <span class='ocrx_word' id='word_1_219' title='bbox 943 2437 1070 2477; x_wconf 84' lang='lat' dir='ltr'>saxa,</span> <span class='ocrx_word' id='word_1_220' title='bbox 1096 2436 1181 2466; x_wconf 84' lang='lat' dir='ltr'>nec</span> <span class='ocrx_word' id='word_1_221' title='bbox 1208 2419 1355 2466; x_wconf 88' lang='lat' dir='ltr'>ullum</span> 
     </span>
     <span class='ocr_line' id='line_1_36' title="bbox 126 2486 1438 2549; baseline -0.002 -16"><span class='ocrx_word' id='word_1_222' title='bbox 126 2487 354 2534; x_wconf 89' lang='lat' dir='ltr'>Telorum</span> <span class='ocrx_word' id='word_1_223' title='bbox 378 2488 560 2535; x_wconf 90' lang='lat' dir='ltr'>interea</span> <span class='ocrx_word' id='word_1_224' title='bbox 584 2496 737 2534; x_wconf 86' lang='lat' dir='ltr'>cessat</span> <span class='ocrx_word' id='word_1_225' title='bbox 760 2504 925 2549; x_wconf 84' lang='lat' dir='ltr'>genus.</span> <span class='ocrx_word' id='word_1_226' title='bbox 951 2511 977 2527; x_wconf 59' lang='grc' dir='ltr'><em>κ</em></span> <span class='ocrx_word' id='word_1_227' title='bbox 1207 2486 1438 2549; x_wconf 85' lang='lat' dir='ltr'>[Pyrrhus</span> 
     </span>
    </p>

    <p class='ocr_par' dir='ltr' id='par_1_5' title="bbox 193 2552 1437 2618">
     <span class='ocr_line' id='line_1_37' title="bbox 193 2552 1437 2618; baseline -0.002 -17"><span class='ocrx_word' id='word_1_228' title='bbox 193 2554 493 2602; x_wconf 90' lang='lat' dir='ltr'>Vestibulum</span> <span class='ocrx_word' id='word_1_229' title='bbox 531 2565 642 2601; x_wconf 88' lang='lat' dir='ltr'>ante</span> <span class='ocrx_word' id='word_1_230' title='bbox 673 2554 829 2618; x_wconf 87' lang='lat' dir='ltr'>ipsum</span> <span class='ocrx_word' id='word_1_231' title='bbox 878 2554 1129 2617; x_wconf 85' lang='lat' dir='ltr'>primoque</span> <span class='ocrx_word' id='word_1_232' title='bbox 1176 2552 1222 2599; x_wconf 88' lang='lat' dir='ltr'>in</span> <span class='ocrx_word' id='word_1_233' title='bbox 1278 2552 1437 2600; x_wconf 86' lang='lat' dir='ltr'>limine</span> 
     </span>
    </p>
   </div>
  </div>
 </body>
</html>
