1580 2686
505 78 819 113 GEORGICA.
851 78 960 112 Lm.
994 78 1057 112 11.
1405 68 1468 114 57

157 176 254 232 Qui
278 191 394 222 saxo
418 189 560 236 super
584 180 728 235 atque
753 172 955 233 ingentis
981 170 1195 234 pondere
1220 174 1353 216 testae
1373 174 1462 216 351

159 244 420 305 Urgerent:
461 242 551 287 hoc
577 239 757 286 effusos
784 238 1020 284 munimen
1040 238 1099 284 ad
1128 237 1333 293 imbres;

159 311 285 366 Hoc,
311 308 394 354 ubi
421 306 582 352 hiulca
605 306 679 352 siti
706 304 849 351 findit
872 303 1002 350 canis
1028 305 1204 351 aestifer
1228 320 1355 350 arva.

173 367 176 369 ⁵
225 374 497 422 Seminibus
523 373 707 435 positis,
735 378 953 434 superest
977 370 1203 418 diducere
1228 380 1401 418 terram

159 441 345 502 Saepius
361 440 423 486 ad
444 439 623 501 capita,
645 449 692 486 et
717 438 862 484 duros
879 436 1069 498 jactare
1096 437 1343 492 bidentes;

158 511 259 555 Aut
284 523 441 571 presso
467 522 690 553 exercere
716 506 867 551 solum
894 504 983 550 sub
1009 521 1217 561 vomere,
1243 512 1291 551 et
1318 505 1416 566 ipsa

159 575 374 621 Flectere
400 574 636 620 luctantes
662 572 785 619 inter
809 571 1212 635 vinetajuvencos
1237 588 1249 620 t

156 642 283 687 Tum
309 641 437 687 leves
462 641 671 687 calamos
696 647 744 686 et
768 654 885 685 rasae
914 638 1096 684 hastilia
1118 639 1280 702 virgae,

163 707 512 769 Fraxineasque
538 717 706 769 aptare
734 704 886 762 sudes,
913 703 1174 767 furcasque
1217 708 1460 758 bicornes:

161 774 356 821 Viribus
381 773 495 821 eniti
520 790 740 835 quarum,
767 781 815 819 et
840 781 1147 819 contemnere
1173 783 1338 822 ventos
1374 776 1471 825 360

157 842 470 897 Assuescant,
493 856 801 902 summasque
819 839 953 901 sequi
969 841 1184 887 tabulata
1196 857 1282 902 per
1295 844 1469 889 ulmos.

224 910 316 965 Ac,
343 908 457 954 dum
480 907 635 969 prima
654 907 789 953 novis
807 905 1041 953 adolescit
1070 906 1319 956 frondibus
1336 918 1470 967 aetaS,

160 974 462 1022 Parcendum
488 974 661 1020 teneris
683 991 696 1028 ;
722 981 768 1020 et
792 972 906 1019 dum
933 990 983 1019 se
1009 973 1147 1021 laetus
1173 975 1234 1021 ad
1262 993 1403 1023 auras

159 1041 343 1088 Palmes
369 1041 480 1102 agit,
509 1041 624 1087 laxis
647 1056 731 1102 per
755 1056 930 1102 purum
955 1040 1191 1087 immissus
1219 1042 1436 1101 habenis,

159 1108 275 1171 Ipsa
300 1108 402 1155 acie
429 1107 643 1154 noudum
670 1107 807 1153 falcis
829 1106 1056 1153 tentanda
1083 1126 1094 1163 ;
1124 1108 1206 1154 sed
1234 1111 1370 1156 uncis

160 1175 430 1238 Carpendae
456 1175 676 1220 manibus
700 1172 912 1228 frondes,
940 1173 1160 1236 interque
1185 1174 1419 1238 legendae.

160 1242 278 1288 Inde
306 1242 385 1288 ubi
406 1241 509 1302 jam
535 1240 707 1288 validis
733 1240 965 1300 amplexae
995 1241 1225 1303 stirpibus
1255 1244 1404 1290 ulmos

160 1308 388 1363 Exierint‚
416 1316 514 1354 tum
542 1308 719 1368 stringe
744 1322 925 1362 comem,
949 1315 1048 1353 tum
1072 1309 1270 1356 brachia
1290 1311 1435 1357 tonde
1456 1329 1469 1366 ;

161 1375 288 1422 Ante
316 1374 629 1421 reformidant
654 1373 857 1419 ferrum:
885 1382 987 1418 tum
1005 1374 1208 1437 denique
1229 1376 1348 1423 dura
1374 1378 1470 1434 369

162 1442 346 1488 Exerce
366 1440 580 1502 imperia,
601 1449 647 1487 et
667 1456 822 1486 ramos
842 1455 1095 1501 compesce
1117 1442 1339 1490 fluentes.
1361 1445 1470 1506 [est‚

226 1507 468 1554 Texendae
495 1524 630 1570 sepes
654 1508 812 1562 etiam,
830 1514 876 1552 et
897 1521 1039 1567 pecus
1056 1525 1195 1555 omne
1213 1511 1472 1558 tenendum

162 1574 409 1636 Praecipue
436 1575 552 1621 dum
578 1573 710 1620 frons
736 1580 898 1619 tenera
938 1572 1316 1639 imprudensque
1341 1577 1474 1625 labo-

297 1656 432 1688 rum:

163 1707 271 1764 Cui,
298 1724 442 1771 super
467 1707 686 1770 indignas
707 1707 917 1770 hyemeS,
941 1708 1186 1771 solemque
1205 1719 1471 1771 potentem,

162 1775 411 1822 Silvestres
437 1775 506 1821 uri
532 1774 720 1822 assidue
746 1790 1029 1837 capreaeque
1055 1792 1284 1837 sequaces

162 1841 401 1896 Illudunt;
423 1850 685 1904 pascuntur
700 1858 830 1897 oves,
856 1841 1105 1904 avidaeque
1122 1843 1360 1903 juvencae.

163 1908 356 1970 Frigora
381 1925 468 1955 nec
495 1908 680 1954 tantum
707 1908 829 1954 cana
854 1917 1078 1955 concreta
1101 1909 1290 1971 pruina,

161 1976 266 2022 Aut
290 1976 449 2038 gravis
474 1974 758 2021 incumbens
785 1975 1000 2037 scopulis
1026 1976 1270 2023 arentibus
1299 1985 1469 2034 aestas3

165 2042 412 2095 Quantum
437 2040 506 2088 illi
527 2058 732 2089 nocuere
758 2058 922 2104 greges
941 2041 1146 2105 durique
1173 2060 1406 2091 venenum

164 2108 354 2165 Dentis,
380 2116 428 2156 et
451 2109 672 2155 admorso
694 2109 875 2171 signata
900 2109 945 2155 in
972 2109 1122 2173 stirpe
1147 2110 1361 2159 cicatrix.

164 2175 275 2221 Non
301 2177 436 2222 aliam
464 2176 528 2222 ob
555 2176 744 2238 culpam
772 2175 962 2222 Baccho
979 2192 1123 2238 caper
1142 2178 1367 2225 omnibus
1383 2179 1474 2225 aris

167 2241 400 2298 Caeditur,
426 2250 474 2288 et
497 2251 676 2289 veteres
703 2244 866 2289 ineunt
885 2243 1128 2304 proscenia
1155 2244 1272 2301 ludi,
1376 2252 1465 2294 381

167 2308 464 2371 Praemiaque
484 2309 683 2372 ingeniis
709 2326 855 2372 pagos
881 2318 927 2356 et
953 2311 1163 2373 compita
1184 2312 1382 2369 circum,

165 2374 393 2422 Thesidae
417 2392 620 2437 posuere
642 2396 653 2433 ;
680 2385 826 2438 atquc
852 2377 972 2423 inter
996 2378 1168 2439 pocula
1195 2379 1292 2425 laeti

168 2442 400 2488 Mollibus
424 2443 470 2488 in
497 2444 643 2504 pratis
672 2452 840 2490 unctos
864 2444 1028 2491 saliere
1054 2461 1136 2506 per
1161 2453 1303 2491 utres.

170 2508 371 2556 Necnon
401 2510 616 2568 Ausonii,
642 2511 796 2572 Troja
822 2527 936 2574 gens
963 2512 1117 2569 missa,
1146 2512 1303 2558 coloni
