1546 2686
499 129 808 166 GEORGICA.
868 128 977 162 LIB.
1008 127 1089 171 111,
1387 130 1445 179 7?

140 252 199 301 Et
223 254 387 301 dulces
407 252 588 300 animas
607 253 747 316 plena
772 254 831 301 ad
857 256 1092 317 praesepia
1113 255 1335 305 reddunt.

140 321 264 367 Hinc
287 319 481 366 canibus
505 319 688 366 blandis
712 321 869 367 rabies
886 322 1026 377 venit,
1046 331 1092 367 et
1113 323 1266 382 quatit
1304 337 1449 383 aegros

135 386 299 435 Tussis
319 386 485 433 anhela
506 401 627 443 sues,
650 403 705 434 ac
723 387 943 435 faucibus
969 388 1096 449 angit
1121 387 1296 435 obesis.

138 453 334 499 Labitur
351 451 526 509 infelix,
549 453 813 500 studiorum
840 463 982 515 atque
1006 456 1254 500 immemor
1274 454 1448 510 herbae,

135 519 301 565 Victor
318 536 488 581 equus,
514 518 767 583 sontesque
786 520 1030 578 avertitur,
1052 528 1098 567 et
1119 521 1238 584 pede
1280 529 1450 568 terram

136 586 315 633 Crebra
341 586 472 634 ferit:
499 585 717 635 demissae
736 603 898 644 aures;
923 585 1132 633 incertus
1153 585 1330 633 ibidem
1357 596 1451 636 500

135 651 305 709 Sudor,
330 660 379 700 et
401 652 480 699 ille
507 652 696 715 quidem
723 653 958 700 moriturIS
984 653 1206 716 frigidus;
1232 663 1332 701 aret

133 716 290 775 Pellis,
317 728 366 767 et
389 719 451 766 ad
472 727 654 766 tactum
678 721 901 767 tractanti
918 720 1037 767 dura
1062 721 1253 767 resistit.

199 786 319 832 Haec
345 795 455 834 ante
479 787 677 834 exitium
703 788 864 849 primis
887 786 1000 833 dant
1024 787 1155 849 signa
1179 786 1371 833 diebus:

133 850 218 898 Sin
245 852 291 899 in
317 868 545 915 processu
570 854 716 916 coepit
741 854 1021 900 crudescere
1046 855 1258 909 morbuS‚

132 919 260 965 Tum
284 920 394 967 vero
420 920 637 967 ardentes
664 921 807 977 oculi,
835 930 980 981 atque
1005 929 1233 967 attractus
1258 919 1318 965 ab
1354 920 1451 966 alto

133 984 334 1046 Spiritus
352 986 590 1033 interdum
615 987 792 1048 gemitu
816 987 987 1049 gravis;
1015 987 1201 1050 imaque
1226 987 1370 1048 longo

132 1051 218 1098 Ilia
238 1051 447 1115 singultu
474 1053 700 1109 tendunt;
724 1053 760 1099 it
783 1053 974 1100 naribus
1000 1063 1100 1100 ater

132 1117 348 1180 Sanguis,
375 1128 423 1168 et
447 1120 658 1167 obsessas
684 1120 846 1167 fauces
867 1120 1036 1181 premit
1077 1137 1241 1183 aspera
1277 1119 1449 1179 lingua.

133 1184 318 1233 Profuit
341 1187 518 1234 inserto
542 1187 706 1234 latices
730 1186 980 1234 infundere
1006 1203 1155 1234 cornu

133 1251 353 1308 Lenae0s3
379 1270 434 1301 ea
459 1254 558 1301 visa
582 1253 708 1300 salus
734 1254 1041 1301 morientibus
1063 1270 1169 1301 una.
1357 1265 1446 1308 510

133 1319 251 1365 Mox
276 1329 377 1368 erat
402 1320 528 1368 hoc
518 1336 672 1382 ipsum
697 1320 856 1375 exitio,
882 1319 1112 1382 furiisque
1138 1320 1300 1368 refecti

132 1385 403 1442 Ardebant;
432 1386 616 1461 ipsique
642 1403 770 1443 suos,
789 1387 894 1448 jam
923 1397 1071 1432 morte
1097 1388 1185 1433 sub
1211 1390 1351 1450 aegra,

136 1452 218 1511 (Di
239 1453 432 1500 meliora
458 1452 565 1516 piis,
593 1469 895 1514 erroremque
924 1453 1133 1499 hostibus
1154 1454 1330 1514 illunis)

136 1519 370 1566 Discissos
395 1519 536 1566 nudis
563 1519 805 1566 laniabant
830 1519 1052 1565 dentibus
1077 1532 1220 1566 arius.

200 1586 325 1633 Ecce
349 1594 505 1633 autem
532 1584 652 1632 duro
669 1586 854 1632 fumans
881 1585 970 1631 sub
999 1601 1182 1631 vomere
1219 1598 1380 1636 taurus

133 1652 372 1709 Concidit,
398 1660 446 1700 et
473 1652 672 1699 mixtum
697 1651 877 1712 spumis
907 1650 1054 1696 vomit
1096 1666 1174 1696 ore
1218 1667 1445 1704 cruorem,

137 1718 479 1781 Extremosque
505 1718 596 1765 ciet
623 1718 858 1781 gemitus:
887 1717 923 1763 it
944 1716 1088 1762 tristis
1112 1725 1287 1772 arator,

135 1785 414 1832 Moerentern
454 1785 719 1846 abjungens
759 1783 961 1829 fraterna
999 1792 1144 1828 morte
1175 1781 1234 1843 ju

134 1853 296 1914 Atque
322 1867 463 1913 opere
482 1852 529 1897 in
551 1851 705 1897 medio
726 1848 883 1896 defixa
907 1848 1094 1910 reliquit
1119 1859 1288 1894 aratra.
1423 1856 1452 1907 9

136 1917 242 1963 Non
266 1919 444 1964 umbrae
460 1918 658 1964 altorum
677 1931 940 1971 nemorum,
965 1930 1055 1960 non
1079 1915 1237 1960 mollia
1255 1924 1452 1977 possunt

135 1984 276 2030 Prata
316 2000 501 2032 movere
533 1984 758 2037 animum,
803 1999 898 2030 non
924 1982 1003 2043 qui
1028 1996 1112 2042 per
1131 1997 1242 2027 saxa
1270 1984 1452 2028 volutus

134 2049 301 2097 Purior
324 2050 502 2098 electro
527 2066 749 2112 campum
772 2049 890 2111 petit
911 2048 1080 2094 amuis:
1123 2057 1171 2094 at
1197 2048 1287 2094 ima

136 2117 395 2164 Solvuntur
419 2117 582 2172 latera,
609 2125 751 2178 atque
777 2115 938 2162 oculos
962 2124 1126 2176 stupor
1160 2123 1294 2178 urget
1333 2114 1453 2162 iner-

140 2183 210 2229 Ad
234 2191 498 2247 terramque
520 2183 621 2230 fluit
647 2183 831 2229 devexo
855 2182 1063 2245 pondere
1087 2183 1264 2229 cervix.
1342 2183 1448 2244 [tes,

140 2249 263 2304 Quid
300 2250 449 2307 labor,
467 2258 549 2298 aut
585 2248 830 2297 benefacta
868 2250 1074 2312 juvant.
1059 2249 1078 2283 ’ἶ
1115 2248 1228 2311 quid
1268 2265 1452 2295 vomere

268 2325 415 2364 terras

143 2382 384 2430 invertisse
408 2383 596 2447 graves!
633 2381 764 2443 atqui
790 2397 880 2428 non
906 2382 1115 2429 Massica
1141 2380 1323 2428 Bacchi

144 2451 359 2506 Munera,
386 2467 477 2497 non
500 2451 591 2497 illis
615 2452 767 2511 epulae
796 2466 997 2495 nocuere
1024 2457 1255 2510 1·;epostae

145 2517 406 2564 Frondibus
429 2524 477 2564 et
498 2518 623 2564 victu
650 2525 904 2576 pascuntur
928 2516 1149 2576 simplicis
1173 2515 1351 2561 berlize:

144 2582 317 2630 Pocula
342 2593 451 2631 sunt
478 2583 628 2632 fontes
658 2578 840 2639 liquidi,
862 2587 1005 2640 atque
1027 2582 1233 2628 exercitu
1253 2597 1394 2627 cursu
