1607 2700
535 51 792 87 AENEIDOS
834 50 941 83 LIB.
981 48 1055 81 VI.
1353 40 1440 80 213

148 175 392 238 Reliquias
419 173 526 220 vino
550 182 597 218 et
622 172 833 218 bibulam
861 169 1014 214 lavere
1041 166 1274 220 favillam;

142 243 369 304 Ossaque
393 240 517 286 lecta
540 238 662 284 cado
685 236 800 284 texit
825 234 1101 282 Chorinaeus
1127 233 1298 279 aheno.

149 308 283 354 ldem
311 318 379 354 ter
402 307 559 353 socios
584 304 705 367 pura
732 300 1022 349 circumtulit
1047 299 1186 352 unda,

147 377 388 438 Spargens
413 388 515 418 rore
539 371 628 418 levi
652 378 702 418 et
724 386 853 416 ramo
878 367 1024 414 felicis
1050 365 1210 412 olivae:
1357 371 1450 413 ,⁶230

149 439 482 498 Lustravitque
507 438 643 494 viros,
670 437 884 498 dixitque
909 433 1166 480 novissima
1193 432 1349 479 verba.

150 509 216 555 At
237 506 342 568 pius
367 504 536 552 AEneas
562 504 741 567 ingenti
768 503 886 548 mole
912 499 1180 562 sepulcrum

149 571 372 634 Imponit‚
393 588 575 634 suaque
592 587 719 617 arma
734 570 850 625 viro,
868 583 1159 628 remumque,
1172 565 1448 624 tubamque,

149 640 315 686 Monte
341 639 430 684 sub
455 638 602 693 aerio,
631 638 712 699 qui
737 652 860 683 nunc
886 634 1102 681 Misenus
1129 632 1190 679 ab
1217 631 1298 677 illo

149 704 354 760 Dicitur,
382 712 708 767 aetemumque
733 710 866 750 tenet
888 717 972 764 per
997 701 1157 747 secula
1182 713 1372 745 nomen.

150 771 236 817 His
261 771 396 827 actis,
423 772 622 834 propere
647 769 899 832 exequitur
923 775 1165 830 praecepta
1192 764 1403 827 Sibyllae.

216 837 453 900 Spelunca
478 839 575 884 alta
599 837 704 893 fuit,
731 846 963 898 vastoque
987 834 1204 880 immanis
1230 833 1380 885 hiatu,

148 904 383 966 Scrupea,
411 913 514 951 tuta
535 905 645 951 lacu
670 904 804 965 nigro
828 917 1172 962 nemorumque
1198 897 1430 949 tenebris;

146 971 308 1025 Quam
332 987 472 1032 super
496 972 621 1018 haud
648 970 752 1016 ullae
777 975 998 1031 poterant
1021 967 1216 1028 impune
1244 964 1454 1009 volantes

149 1037 368 1084 Tendere
393 1037 483 1084 iter
506 1037 699 1099 pennis:
725 1036 831 1083 talis
858 1052 959 1083 sese
986 1034 1156 1080 halitus
1181 1032 1294 1079 atris
1361 1037 1456 1077 240

151 1104 390 1150 Faucibus
415 1103 667 1151 effundens
694 1118 865 1166 supera
888 1102 948 1149 ad
977 1116 1189 1147 convexa
1213 1097 1420 1150 ferebam

150 1169 292 1218 Unde
317 1171 478 1217 locum
504 1171 640 1218 Graii
664 1171 886 1217 dixerunt
909 1169 1099 1215 nomine
1123 1170 1334 1213 Aornon.

145 1237 373 1291 Quatuor
398 1235 477 1284 hic
501 1238 707 1300 primurn
732 1237 972 1298 nigrantes
997 1243 1130 1297 terga
1148 1234 1383 1295 juvencos

153 1303 435 1360 Constituit,
462 1303 699 1366 frontique
725 1303 926 1365 invergit
949 1302 1056 1348 vina
1080 1300 1329 1355 sacerdos;

153 1370 215 1416 Et
240 1387 448 1418 summas
474 1386 669 1432 carpens
694 1370 846 1416 media
870 1371 990 1416 inter
1014 1384 1192 1415 cornua
1214 1376 1359 1422 setas,

154 1436 355 1499 Ignibus
380 1437 582 1499 imponit
607 1437 750 1484 sacris
773 1437 1004 1482 libamina
1028 1435 1191 1496 prima,
1324 1435 1438 1495 [tem

154 1504 286 1549 Voce
313 1502 488 1550 vocans
515 1505 745 1560 Hecaten,
771 1503 988 1564 coeloque
1014 1502 1270 1563 Ereboque
1290 1511 1450 1562 poten-

152 1570 446 1633 Supponunt
471 1570 549 1616 alii
573 1570 770 1625 cultros,
798 1569 1109 1632 tepidumque
1133 1584 1351 1616 cruorem

155 1636 436 1699 Suscipiunt
461 1636 652 1698 pateris.
723 1637 832 1698 Ipse
856 1635 947 1682 atri
970 1634 1154 1681 velleris
1179 1650 1348 1695 agnam

161 1703 325 1749 AEneas
351 1703 486 1750 matri
511 1702 831 1750 Eumenidum
857 1717 1135 1763 magnaeque
1160 1703 1306 1748 sorori
1365 1709 1456 1751 2:30

156 1769 282 1817 Ense
307 1769 437 1824 ferit;
469 1770 772 1833 sterilemque
797 1769 900 1826 tibi,
925 1769 1220 1830 Proserpina,
1246 1786 1451 1817 vaccam.

151 1836 284 1883 Tum
315 1837 480 1899 Stygio
506 1837 601 1899 regi
624 1846 879 1884 nocturnas
905 1835 1099 1882 inchoat
1121 1852 1243 1891 arae,

98 1951 106 1956 ,
158 1903 218 1949 Et
242 1902 396 1950 solida
419 1904 620 1966 imponit
644 1913 888 1950 taurorum
914 1903 1098 1948 viscera
1121 1902 1336 1960 flammis,

157 1970 334 2031 Pingue
360 1971 594 2033 superque
619 1971 775 2017 oleum
797 1969 1000 2015 fundens
1020 1969 1297 2015 ardentibus
1318 1969 1457 2016 extis.

160 2036 280 2082 Ecce
304 2045 479 2094 autem,
506 2037 643 2100 primi
669 2037 756 2084 sub
782 2037 960 2082 lumina
984 2036 1108 2082 Solis
1134 2044 1180 2081 et
1205 2044 1355 2091 ortus,

160 2103 258 2149 Sub
282 2103 486 2166 pedibus
510 2104 687 2166 mugire
708 2104 877 2160 solum,
905 2111 952 2149 et
970 2103 1088 2165 juga
1108 2111 1261 2164 coepta
1285 2102 1459 2149 moveri

161 2168 417 2223 Silvaru1n;
444 2170 655 2232 visaeque
680 2186 821 2216 canes
848 2170 1023 2216 ululare
1050 2185 1132 2230 per
1157 2171 1390 2224 umbram,

163 2235 459 2285 Adventante
481 2238 603 2286 Dea.
662 2236 835 2284 Procul
855 2253 899 2293 o,
923 2236 1092 2299 procul
1111 2244 1228 2292 este,
1252 2235 1457 2298 profani,

159 2302 443 2351 Conclamat
468 2313 616 2360 vates,
639 2312 837 2366 totoque
860 2303 1076 2352 absistite
1103 2302 1227 2349 luco.

161 2368 335 2432 Tuque
354 2370 522 2418 invade
542 2372 682 2428 viam,
703 2370 968 2433 vaginaque
989 2371 1120 2432 eripe
1141 2370 1313 2416 ferrum
1331 2387 1341 2423 ;
1366 2367 1460 2416 QGO

165 2435 305 2484 Nunc
331 2436 497 2487 animis
522 2455 658 2502 opus,
685 2440 845 2495 AEnea,
871 2453 996 2486 nunc
1023 2446 1218 2501 pectore
1243 2436 1398 2485 firmo.
