1607 2700
170 62 258 108 178
526 71 574 103 P.
622 70 861 104 vincum
890 71 1148 104 MAROMS

167 186 346 231 Rursus
371 202 505 249 agam
532 189 716 250 pelago,
743 198 792 236 et
817 190 966 236 ventis
992 190 1104 236 dare
1126 190 1227 235 vela
1244 188 1471 249 jubebo!

164 251 293 305 Quin
314 269 510 313 morere,
540 263 592 302 ut
617 256 780 301 merita
804 273 870 309 es,
897 256 1116 316 ferroque
1140 263 1298 301 averte
1338 254 1473 300 dolo-

163 317 239 362 Tu
260 317 477 381 lacrymis
499 321 652 367 evicta
673 322 804 375 meis,
826 330 878 367 tu
902 322 1057 383 prima
1080 320 1309 367 furentem
1333 323 1470 383 [rem.

163 382 266 438 His,
292 401 529 444 germana,
571 387 698 433 malis
723 403 904 444 oneras,
932 396 1074 449 atque
1094 388 1263 449 objicis
1296 387 1438 432 hosti.

162 449 274 494 Non
298 450 431 497 licuit
455 452 646 498 thalami
671 461 908 514 expertem
953 455 1048 499 sine
1075 454 1266 500 crimine
1293 454 1436 498 vitam

159 515 345 576 Degere
371 534 499 563 more.
526 518 652 574 ferae,
681 520 798 564 tales
824 535 912 565 nec
940 528 1132 581 tangere
1156 520 1323 565 curas?
1373 525 1468 571 551,

159 580 272 626 Non
298 592 477 628 servata
502 581 621 629 fides
647 584 790 630 cineri
816 585 1044 646 promissa
1069 585 1269 631 Sichaeo.

223 648 406 694 Tantos
433 649 515 694 illa
541 666 625 694 suo
651 652 905 712 rumpebat
932 659 1128 712 pectore
1153 660 1366 712 questus.

158 713 326 759 AEneas
353 714 481 760 celsa
508 715 554 760 in
575 716 743 778 puppi,
763 717 865 777 jam
893 726 1050 764 certus
1075 718 1234 771 eundi,

159 779 404 841 Carp'ebat
430 796 638 837 somnos,
664 784 805 829 rebus
823 784 924 843 jam
953 783 1038 829 rite
1059 783 1252 844 paratis.

157 844 281 891 Huic
307 863 356 893 se
377 846 530 894 forma
556 848 645 895 Dei
667 850 797 895 vultu
817 848 1054 895 redeuntis
1079 848 1246 894 eodem

159 911 353 959 Obtulit
372 913 419 958 in
437 914 630 972 somnis,
659 931 916 977 rursusque
943 915 1009 962 ita
1035 915 1133 960 visa
1160 930 1348 962 monere
1372 922 1463 970 est;

158 977 329 1025 Omnia
355 981 595 1027 Mercurio
620 981 794 1037 similis,
821 997 1104 1043 vocemque,
1145 981 1466 1042 coloremque,

156 1044 215 1089 Et
240 1046 390 1091 crines
418 1046 580 1103 flavos,
607 1056 655 1094 et
679 1049 888 1094 membra
912 1048 1087 1094 decora
1104 1047 1347 1108 juventae:

156 1109 281 1156 Nate
297 1112 417 1167 Dea,
437 1122 574 1175 potes
596 1114 689 1160 hoc
702 1115 791 1161 sub
809 1131 922 1160 casu
940 1115 1113 1160 ducere
1131 1112 1464 1161 5111111103ῗό60

155 1176 277 1233 Nec,
305 1195 413 1239 quae
430 1180 608 1226 circum
628 1189 755 1228 stent
774 1190 820 1227 te
836 1180 1004 1226 deinde
1020 1180 1249 1241 pericula,
1281 1181 1463 1226 cernis!

155 1242 394 1291 Demens!
435 1262 521 1291 nec
547 1247 785 1309 Zephyros
805 1247 940 1292 audis
966 1246 1146 1307 spirare
1171 1245 1448 1293 secundos‘l

156 1308 245 1355 lua
268 1310 404 1356 dolos
430 1312 681 1375 dirumque
706 1312 840 1359 nefas
866 1312 911 1357 in
936 1321 1130 1374 pectore
1155 1321 1329 1369 versat,

155 1376 297 1422 Certa
323 1378 456 1434 mori,
485 1379 709 1441 varioque
735 1379 908 1425 irarum
936 1378 1138 1425 fluctuat
1161 1386 1294 1425 aestu.
1335 1379 1464 1441 [tas'Z

154 1441 264 1488 Non
290 1443 414 1506 fugis
440 1444 548 1491 111110
573 1461 804 1506 praeceps,
844 1444 955 1490 dum
983 1444 1284 1506 praecipitare
1303 1454 1464 1507 potes-

151 1509 257 1554 Jam
284 1526 412 1556 mare
437 1511 619 1557 turbari
645 1512 879 1567 trabibus,
907 1526 1152 1573 saevasque
1180 1510 1362 1558 videbis

152 1574 403 1622 Collucere
423 1577 568 1632 faces,
587 1577 689 1637 jam
714 1576 893 1623 fervere
918 1577 1077 1622 littora
1098 1576 1293 1622 fiammis
1314 1597 1326 1633 ;

151 1641 198 1685 Si
224 1648 268 1686 te
296 1642 364 1687 bis
387 1644 595 1704 attigerit
619 1643 755 1689 terris
781 1646 966 1689 Aurora
991 1650 1273 1689 morantem.

149 1707 239 1752 Eia
254 1723 354 1768 age,
376 1725 544 1772 rumpe
562 1725 737 1756 moras:
763 1710 940 1755 varium
960 1716 1007 1754 et
1026 1709 1254 1755 mutabile
1273 1725 1461 1771 semper

152 1774 378 1820 Foemina.
439 1777 518 1822 Sic
543 1776 667 1822 fatus
692 1776 822 1822 nocti
844 1792 890 1821 se
917 1775 1172 1821 immiscuit
1195 1784 1324 1822 atrae.
1365 1783 1460 1831 570

216 1841 341 1885 Turn
368 1842 480 1888 vero
506 1843 696 1897 AEneas,
722 1842 890 1888 subitis
915 1842 1169 1888 exterritus
1198 1842 1389 1900 umbris,

152 1905 363 1968 Corripit
388 1924 412 1953 e
441 1925 605 1955 somno
630 1925 822 1971 corpus,
850 1908 1106 1970 sociosque
1130 1907 1325 1969 fatigat:

152 1972 427 2035 Praecipites
456 1975 656 2037 vigilate,
683 1975 786 2031 viri,
805 1983 854 2021 et
879 1974 1111 2021 considite
1136 1975 1377 2021 transtris:

151 2037 325 2086 Solvite
348 2041 452 2087 vela
477 2041 575 2088 citi.
648 2041 778 2087 Deus
803 2041 978 2087 aethere
1003 2040 1166 2087 missus
1191 2042 1251 2086 ab
1276 2041 1389 2098 alto,

151 2104 390 2152 Festinare
409 2107 588 2169 fugam,
615 2114 864 2170 tortosque
889 2106 1099 2153 incidere
1125 2106 1276 2163 funes,
1315 2109 1455 2170 [rum,

151 2171 278 2216 Ecce
302 2172 471 2218 iterum
495 2173 716 2220 stimulat.
788 2173 1042 2235 Sequimur
1062 2181 1123 2228 te,
1145 2182 1304 2219 sancte
1330 2175 1458 2220 Deo-

151 2235 380 2298 Quisquis
400 2255 466 2294 es,
487 2239 786 2301 imperioque
807 2240 972 2285 iterum
999 2254 1219 2300 paremus
1244 2248 1456 2287 ovantes·

155 2301 292 2351 Adsis
317 2320 361 2359 o,
384 2305 697 2367 placidusque
714 2305 872 2367 juves,
895 2313 941 2352 et
965 2304 1118 2351 sidera
1142 2306 1261 2352 coelo

150 2368 330 2415 Dextra
354 2369 494 2417 feras.
565 2371 728 2418 Dixit:
768 2372 1034 2433 vaginaque
1052 2371 1188 2431 eripit
1212 2388 1373 2418 ensem

152 2434 461 2494 Fulmineum,
488 2438 746 2500 strictoque
772 2438 877 2484 ferit
902 2437 1159 2484 retinacula
1184 2437 1323 2485 ferro.
1363 2446 1457 2486 580
