1586 2704
628 137 892 173 AEn'mnos
932 136 1042 172 LIB.
1081 137 1188 170 xli.
1433 130 1522 171 381

222 252 492 316 Frangitur,
516 251 563 297 in
590 251 845 315 medioque
864 252 1114 300 ardentem
1139 251 1312 298 deserit
1329 248 1447 308 ictu,

221 319 288 367 Ni
313 319 426 381 fuga
442 317 659 365 subsidio
684 319 875 366 subeat.
946 319 1085 380 Fugit
1108 335 1256 382 ocyor
1282 319 1427 373 Eum,

227 387 292 435 Ut
315 386 542 449 capulum
578 385 794 448 ignotum
830 385 1144 448 dextramque
1190 384 1383 449 aspexit
1404 383 1527 432 iner-

354 469 490 498 mem.

218 520 363 566 Fama
380 526 470 574 est,
490 518 804 582 praecipitem,
832 517 942 565 cnm
962 519 1112 582 prima
1137 517 1182 564 in
1202 518 1365 580 praelia
1381 517 1529 578 junc-

219 585 588 633 Conscendebat
605 602 775 648 equos,
802 586 963 649 patrio
987 601 1213 631 mucrone
1232 585 1416 639 relict0‚
1432 586 1528 646 [tos

217 652 345 698 Dum
373 651 600 715 trepidat,
627 652 800 700 ferrum
820 654 998 715 aurigae
1023 652 1241 714 rapuisse
1265 651 1460 698 Metisci
1481 667 1498 706 ;-

217 717 372 781 quue
391 718 615 775 diu,dum
634 728 762 782 terga
775 719 962 765 dabant
976 718 1187 782 palantia
1198 717 1396 772 Teucri,
1415 718 1526 780 [est,

218 785 419 832 Suffecit
438 802 449 839 ;
477 794 737 848 postquam
758 802 892 833 arma
909 787 997 832 Dei
1015 785 1074 832 ad
1092 785 1324 832 Vulcania
1337 794 1526 831 ventum

218 852 442 900 Mortalis
465 868 646 909 mucro,
667 853 845 914 glacies
871 869 958 898 ceu
986 852 1151 907 futilis,
1178 852 1280 899 ictu
1432 857 1528 904 740

218 918 477 972 Dissiluit;
513 917 642 965 fulva
668 919 980 982 resplendent
1005 918 1237 980 fragmina
1261 919 1423 966 arena.

218 984 346 1046 Ergb
364 1001 528 1032 amens
553 986 742 1032 diversa
766 985 876 1048 fuga
902 986 1026 1048 petit
1051 1001 1250 1047 aequora
1273 985 1487 1044 Turnus,

218 1051 281 1098 Et
306 1068 430 1098 nunc
459 1053 570 1108 huc,
597 1052 706 1098 inde
733 1052 827 1098 huc
853 1052 1060 1098 incertos
1083 1051 1300 1113 implicat
1321 1052 1481 1100 orbes.

216 1117 444 1180 Undique
468 1118 594 1164 enim
620 1118 770 1166 densa
794 1119 974 1165 Teucri
999 1118 1231 1165 inclusere
1256 1120 1466 1175 corona;

219 1186 384 1247 Atque
401 1185 509 1231 hinc
524 1193 651 1232 vasta
666 1186 818 1249 palus,
838 1185 948 1231 hinc
967 1185 1527 1248 arduamoeniacingunt.

281 1252 386 1298 Nec
414 1252 564 1298 minus
594 1255 776 1308 AEneas,
805 1268 1084 1314 quanquam
1110 1251 1298 1298 tardata
1323 1255 1496 1315 sagitta

214 1316 465 1365 Interdum
492 1335 643 1381 genua
664 1319 947 1382 impediunt,
967 1335 1259 1380 cursumque
1282 1330 1524 1378 recusant,

214 1385 510 1447 Insequitur,
532 1386 803 1448 trepidique
824 1385 995 1447 pedem
1008 1384 1354 1447 pedefervidus
1377 1396 1528 1448 urget:

214 1452 460 1499 Inclusum
487 1453 634 1499 veluti
661 1454 694 1498 si
721 1451 917 1513 quando
943 1452 987 1498 in
1014 1451 1208 1498 flumine
1234 1461 1402 1499 nactus
1430 1461 1526 1510 749

214 1519 438 1575 Cervum,
463 1527 547 1564 aut
568 1519 783 1581 puniceae
809 1526 1000 1582 septum
1026 1518 1277 1565 formidine
1306 1536 1490 1580 pennae,

212 1585 424 1632 Venator
450 1602 590 1632 cursu
616 1588 746 1632 canis
766 1593 815 1632 et
838 1585 1094 1632 latratibus
1119 1585 1295 1632 instat:

212 1651 298 1698 Ille
322 1660 500 1708 autem,
527 1652 708 1698 insidiis
730 1661 780 1699 et
804 1653 904 1715 ripa
929 1652 1120 1699 territus
1144 1652 1258 1709 alta,

214 1718 349 1765 Mille
375 1719 496 1780 sugit
519 1718 787 1781 refugitque
814 1720 914 1766 vias
935 1735 946 1765 t
985 1727 1036 1765 at
1056 1718 1236 1764 vividus
1258 1719 1437 1766 Umber

214 1785 376 1831 Haer'et
398 1786 544 1840 hians,
559 1785 878 1847 jamjamque
897 1793 1042 1841 tenet,
1056 1785 1321 1847 similisque
1342 1786 1524 1833 tenenti

215 1852 460 1912 increpuit
483 1852 633 1904 malis,
657 1868 914 1913 morsuque
939 1852 1101 1897 elusus
1127 1852 1253 1897 inani
1279 1860 1368 1899 est.

210 1918 339 1964 Tum
367 1918 475 1964 verb
500 1920 711 1964 exoritur
736 1918 917 1965 clamor
938 1935 949 1964 ι
988 1918 1199 1981 ripaeque
1225 1918 1457 1981 lacusque

211 1984 513 2047 Responsant
538 1983 683 2040 circa,
705 1991 756 2031 et
779 1985 951 2031 coelum
973 1994 1107 2031 tonat
1131 2001 1273 2031 omne
1291 1986 1520 2032 tumultu.

213 2051 294 2098 llle
319 2051 459 2097 simul
478 2051 681 2114 fugiens,
713 2052 916 2097 Rutulos
940 2052 1078 2097 simul
1102 2053 1318 2112 increpat
1337 2068 1519 2107 omnes,

213 2117 413 2165 Nomine
430 2134 671 2181 quemque
689 2134 888 2164 vocans:
913 2126 1177 2182 notumque
1195 2118 1426 2181 efflagitat
1442 2136 1521 2165 en·

339 2201 458 2232 sem.

211 2251 384 2298 AEneas
411 2259 612 2299 mortem
641 2250 808 2298 contra
833 2268 1145 2315 praesensque
1170 2252 1377 2299 minatur
1422 2248 1515 2305 ‘76ss

213 2318 440 2374 Exitium,
463 2318 502 2364 si
527 2319 777 2381 quisquam
799 2320 958 2376 adeat,
980 2328 1222 2380 terretque
1246 2328 1514 2375 trementes,

212 2384 490 2431 Excisurum
515 2387 679 2432 urbem
708 2385 939 2442 minitans,
966 2395 1013 2432 et
1041 2388 1227 2432 saucius
1255 2386 1415 2431 instat.

212 2450 439 2513 Quinque
449 2451 590 2498 orbes
607 2452 798 2516 explent
811 2468 971 2509 cursu,
985 2453 1283 2514 totidemque
1300 2459 1514 2500 retexunt

212 2517 338 2570 Huc,
364 2518 503 2565 illuc:
540 2534 628 2565 nec
654 2519 778 2566 enim
804 2519 925 2565 levia
946 2528 1030 2566 aut
1051 2519 1232 2566 ludicra
1258 2527 1484 2580 petuntur

211 2583 424 2642 Praemia,
450 2584 532 2633 sed
553 2585 709 2632 Turni
735 2585 794 2632 de
812 2586 908 2633 vita
933 2595 980 2633 et
1005 2587 1231 2647 sanguine
1255 2593 1462 2634 certant.
