<?xml version="1.0" encoding="UTF-8"?>
<!DOCTYPE html PUBLIC "-//W3C//DTD XHTML 1.0 Transitional//EN"
    "http://www.w3.org/TR/xhtml1/DTD/xhtml1-transitional.dtd">
<html xmlns="http://www.w3.org/1999/xhtml" xml:lang="en" lang="en">
 <head>
  <title>
</title>
<meta http-equiv="Content-Type" content="text/html;charset=utf-8" />
  <meta name='ocr-system' content='tesseract 3.04.00' />
  <meta name='ocr-capabilities' content='ocr_page ocr_carea ocr_par ocr_line ocrx_word'/>
</head>
<body>
  <div class='ocr_page' id='page_1' title='image "./operaadfidemopti00virguoft/operaadfidemopti00virguoft_0332.png"; bbox 0 0 1586 2704; ppageno 0'>
   <div class='ocr_carea' id='block_1_1' title="bbox 131 129 1110 171">
    <p class='ocr_par' dir='ltr' id='par_1_1' title="bbox 131 129 1110 171">
     <span class='ocr_line' id='line_1_1' title="bbox 131 129 1110 171; baseline -0.004 0"><span class='ocrx_word' id='word_1_1' title='bbox 131 129 233 171; x_wconf 65' lang='lat'>3⁶28</span> <span class='ocrx_word' id='word_1_2' title='bbox 477 137 522 168; x_wconf 82' lang='lat' dir='ltr'>p.</span> <span class='ocrx_word' id='word_1_3' title='bbox 562 134 808 168; x_wconf 63' lang='lat' dir='ltr'>vinoun</span> <span class='ocrx_word' id='word_1_4' title='bbox 853 133 1110 167; x_wconf 70' lang='lat' dir='ltr'>maurus</span> 
     </span>
    </p>
   </div>
   <div class='ocr_carea' id='block_1_2' title="bbox 136 246 1443 2487">
    <p class='ocr_par' dir='ltr' id='par_1_2' title="bbox 136 246 1443 2487">
     <span class='ocr_line' id='line_1_2' title="bbox 141 246 1349 309; baseline -0.003 -13"><span class='ocrx_word' id='word_1_5' title='bbox 141 251 319 296; x_wconf 83' lang='lat' dir='ltr'>AEneae.</span> <span class='ocrx_word' id='word_1_6' title='bbox 391 248 539 303; x_wconf 74' lang='lat' dir='ltr'>Dixit,</span> <span class='ocrx_word' id='word_1_7' title='bbox 565 247 935 309; x_wconf 86' lang='lat' dir='ltr'>stridentemque</span> <span class='ocrx_word' id='word_1_8' title='bbox 960 248 1141 293; x_wconf 89' lang='lat' dir='ltr'>eminus</span> <span class='ocrx_word' id='word_1_9' title='bbox 1168 246 1349 293; x_wconf 83' lang='lat' dir='ltr'>hastam</span> 
     </span>
     <span class='ocr_line' id='line_1_3' title="bbox 142 313 1440 376; baseline 0.002 -17"><span class='ocrx_word' id='word_1_10' title='bbox 142 315 333 374; x_wconf 84' lang='lat' dir='ltr'>Injicit:</span> <span class='ocrx_word' id='word_1_11' title='bbox 374 313 453 360; x_wconf 88' lang='lat' dir='ltr'>illa</span> <span class='ocrx_word' id='word_1_12' title='bbox 471 314 633 360; x_wconf 89' lang='lat' dir='ltr'>volans</span> <span class='ocrx_word' id='word_1_13' title='bbox 654 314 825 376; x_wconf 77' lang='lat' dir='ltr'>clypeo</span> <span class='ocrx_word' id='word_1_14' title='bbox 846 327 918 359; x_wconf 85' lang='lat' dir='ltr'>est</span> <span class='ocrx_word' id='word_1_15' title='bbox 938 330 1153 369; x_wconf 83' lang='lat' dir='ltr'>excussa,</span> <span class='ocrx_word' id='word_1_16' title='bbox 1179 314 1440 375; x_wconf 81' lang='lat' dir='ltr'>proculque</span> 
     </span>
     <span class='ocr_line' id='line_1_4' title="bbox 142 378 1257 442; baseline 0 -17"><span class='ocrx_word' id='word_1_17' title='bbox 142 381 399 442; x_wconf 84' lang='lat' dir='ltr'><strong>Egregium</strong></span> <span class='ocrx_word' id='word_1_18' title='bbox 429 383 639 426; x_wconf 76' lang='lat' dir='ltr'>Antoren</span> <span class='ocrx_word' id='word_1_19' title='bbox 666 381 786 425; x_wconf 87' lang='lat' dir='ltr'>latus</span> <span class='ocrx_word' id='word_1_20' title='bbox 813 379 930 424; x_wconf 90' lang='lat' dir='ltr'>inter</span> <span class='ocrx_word' id='word_1_21' title='bbox 954 389 998 424; x_wconf 83' lang='lat' dir='ltr'>et</span> <span class='ocrx_word' id='word_1_22' title='bbox 1022 379 1099 424; x_wconf 91' lang='lat' dir='ltr'>ilia</span> <span class='ocrx_word' id='word_1_23' title='bbox 1126 378 1257 441; x_wconf 82' lang='lat' dir='ltr'>figit:</span> 
     </span>
     <span class='ocr_line' id='line_1_5' title="bbox 143 444 1426 505; baseline -0.001 -14"><span class='ocrx_word' id='word_1_24' title='bbox 143 447 367 492; x_wconf 77' lang='lat' dir='ltr'>Herculis</span> <span class='ocrx_word' id='word_1_25' title='bbox 394 448 601 492; x_wconf 81' lang='lat' dir='ltr'>Antoren</span> <span class='ocrx_word' id='word_1_26' title='bbox 629 446 869 500; x_wconf 84' lang='lat' dir='ltr'>comitem,</span> <span class='ocrx_word' id='word_1_27' title='bbox 904 444 986 504; x_wconf 92' lang='lat' dir='ltr'>qui</span> <span class='ocrx_word' id='word_1_28' title='bbox 1016 446 1182 491; x_wconf 89' lang='lat' dir='ltr'>missus</span> <span class='ocrx_word' id='word_1_29' title='bbox 1207 445 1266 490; x_wconf 80' lang='lat' dir='ltr'>ab</span> <span class='ocrx_word' id='word_1_30' title='bbox 1294 444 1426 505; x_wconf 84' lang='lat' dir='ltr'>Argis</span> 
     </span>
     <span class='ocr_line' id='line_1_6' title="bbox 143 510 1406 572; baseline -0.002 -15"><span class='ocrx_word' id='word_1_31' title='bbox 143 512 363 559; x_wconf 76' lang='lat' dir='ltr'>Haeserat</span> <span class='ocrx_word' id='word_1_32' title='bbox 390 512 627 565; x_wconf 77' lang='lat' dir='ltr'>Evandm,</span> <span class='ocrx_word' id='word_1_33' title='bbox 654 520 796 572; x_wconf 85' lang='lat' dir='ltr'>atque</span> <span class='ocrx_word' id='word_1_34' title='bbox 823 510 942 555; x_wconf 66' lang='lat' dir='ltr'>Itala</span> <span class='ocrx_word' id='word_1_35' title='bbox 969 510 1250 557; x_wconf 81' lang='lat' dir='ltr'>consederat</span> <span class='ocrx_word' id='word_1_36' title='bbox 1276 511 1406 556; x_wconf 84' lang='lat' dir='ltr'>urbe.</span> 
     </span>
     <span class='ocr_line' id='line_1_7' title="bbox 144 576 1436 636; baseline 0 -13"><span class='ocrx_word' id='word_1_37' title='bbox 144 577 375 624; x_wconf 88' lang='lat' dir='ltr'>Sternitur</span> <span class='ocrx_word' id='word_1_38' title='bbox 397 577 553 623; x_wconf 84' lang='lat' dir='ltr'>infelix</span> <span class='ocrx_word' id='word_1_39' title='bbox 578 577 727 622; x_wconf 86' lang='lat' dir='ltr'>alieno</span> <span class='ocrx_word' id='word_1_40' title='bbox 754 576 961 630; x_wconf 90' lang='lat' dir='ltr'>vulnere,</span> <span class='ocrx_word' id='word_1_41' title='bbox 987 576 1254 636; x_wconf 88' lang='lat' dir='ltr'>coelumque</span> <span class='ocrx_word' id='word_1_42' title='bbox 1345 583 1436 631; x_wconf 81' lang='lat'>781</span> 
     </span>
     <span class='ocr_line' id='line_1_8' title="bbox 141 641 1353 705; baseline -0.001 -15"><span class='ocrx_word' id='word_1_43' title='bbox 141 644 338 705; x_wconf 85' lang='lat' dir='ltr'>Aspicit,</span> <span class='ocrx_word' id='word_1_44' title='bbox 364 653 408 689; x_wconf 89' lang='lat' dir='ltr'>et</span> <span class='ocrx_word' id='word_1_45' title='bbox 434 643 597 688; x_wconf 86' lang='lat' dir='ltr'>dulces</span> <span class='ocrx_word' id='word_1_46' title='bbox 623 643 823 687; x_wconf 87' lang='lat' dir='ltr'>moriens</span> <span class='ocrx_word' id='word_1_47' title='bbox 846 641 1158 688; x_wconf 85' lang='lat' dir='ltr'>reminiscitur</span> <span class='ocrx_word' id='word_1_48' title='bbox 1183 645 1353 702; x_wconf 80' lang='lat' dir='ltr'>ArgOS.</span> 
     </span>
     <span class='ocr_line' id='line_1_9' title="bbox 141 707 1375 772; baseline -0.002 -16"><span class='ocrx_word' id='word_1_49' title='bbox 141 711 265 756; x_wconf 92' lang='lat' dir='ltr'>Tum</span> <span class='ocrx_word' id='word_1_50' title='bbox 292 711 396 772; x_wconf 91' lang='lat' dir='ltr'>pius</span> <span class='ocrx_word' id='word_1_51' title='bbox 420 711 589 755; x_wconf 82' lang='lat' dir='ltr'>AEneas</span> <span class='ocrx_word' id='word_1_52' title='bbox 616 708 793 753; x_wconf 80' lang='lat' dir='ltr'>hastam</span> <span class='ocrx_word' id='word_1_53' title='bbox 814 707 936 767; x_wconf 87' lang='lat' dir='ltr'>jacit</span> <span class='ocrx_word' id='word_1_54' title='bbox 958 723 969 754; x_wconf 90' lang='lat'>:</span> <span class='ocrx_word' id='word_1_55' title='bbox 1008 708 1083 753; x_wconf 82' lang='lat' dir='ltr'>illa</span> <span class='ocrx_word' id='word_1_56' title='bbox 1109 724 1189 768; x_wconf 83' lang='lat' dir='ltr'>per</span> <span class='ocrx_word' id='word_1_57' title='bbox 1213 710 1375 754; x_wconf 83' lang='lat' dir='ltr'>orbem</span> 
     </span>
     <span class='ocr_line' id='line_1_10' title="bbox 141 773 1363 837; baseline -0.002 -15"><span class='ocrx_word' id='word_1_58' title='bbox 141 777 250 822; x_wconf 85' lang='lat' dir='ltr'>AEre</span> <span class='ocrx_word' id='word_1_59' title='bbox 275 791 443 822; x_wconf 79' lang='lat' dir='ltr'>cavum</span> <span class='ocrx_word' id='word_1_60' title='bbox 473 773 663 837; x_wconf 89' lang='lat' dir='ltr'>triplici,</span> <span class='ocrx_word' id='word_1_61' title='bbox 688 790 772 835; x_wconf 88' lang='lat' dir='ltr'>per</span> <span class='ocrx_word' id='word_1_62' title='bbox 795 773 919 819; x_wconf 83' lang='lat' dir='ltr'>linea</span> <span class='ocrx_word' id='word_1_63' title='bbox 945 780 1089 834; x_wconf 86' lang='lat' dir='ltr'>terga,</span> <span class='ocrx_word' id='word_1_64' title='bbox 1115 773 1363 835; x_wconf 84' lang='lat' dir='ltr'>tribusque</span> 
     </span>
     <span class='ocr_line' id='line_1_11' title="bbox 141 839 1314 901; baseline 0 -15"><span class='ocrx_word' id='word_1_65' title='bbox 141 841 356 888; x_wconf 83' lang='lat' dir='ltr'>Transiit</span> <span class='ocrx_word' id='word_1_66' title='bbox 378 841 611 887; x_wconf 80' lang='lat' dir='ltr'>intextum</span> <span class='ocrx_word' id='word_1_67' title='bbox 638 840 779 885; x_wconf 87' lang='lat' dir='ltr'>tauris</span> <span class='ocrx_word' id='word_1_68' title='bbox 803 855 944 901; x_wconf 87' lang='lat' dir='ltr'>opus,</span> <span class='ocrx_word' id='word_1_69' title='bbox 972 839 1161 901; x_wconf 87' lang='lat' dir='ltr'>imaque</span> <span class='ocrx_word' id='word_1_70' title='bbox 1189 840 1314 886; x_wconf 84' lang='lat' dir='ltr'>sedit</span> 
     </span>
     <span class='ocr_line' id='line_1_12' title="bbox 143 904 1440 968; baseline -0.001 -16"><span class='ocrx_word' id='word_1_71' title='bbox 143 907 335 968; x_wconf 83' lang='lat' dir='ltr'>Inguine</span> <span class='ocrx_word' id='word_1_72' title='bbox 358 926 370 963; x_wconf 91' lang='lat'>;</span> <span class='ocrx_word' id='word_1_73' title='bbox 411 906 493 953; x_wconf 90' lang='lat' dir='ltr'>sed</span> <span class='ocrx_word' id='word_1_74' title='bbox 520 908 640 951; x_wconf 85' lang='lat' dir='ltr'>vires</span> <span class='ocrx_word' id='word_1_75' title='bbox 668 905 790 952; x_wconf 78' lang='lat' dir='ltr'>liaud</span> <span class='ocrx_word' id='word_1_76' title='bbox 817 905 1028 968; x_wconf 86' lang='lat' dir='ltr'>pertulit.</span> <span class='ocrx_word' id='word_1_77' title='bbox 1096 904 1260 968; x_wconf 68' lang='lat' dir='ltr'>Ocyus</span> <span class='ocrx_word' id='word_1_78' title='bbox 1285 922 1440 952; x_wconf 81' lang='lat' dir='ltr'>ensem</span> 
     </span>
     <span class='ocr_line' id='line_1_13' title="bbox 140 972 1148 1035; baseline -0.005 -15"><span class='ocrx_word' id='word_1_79' title='bbox 140 974 329 1030; x_wconf 85' lang='lat' dir='ltr'>AEneas,</span> <span class='ocrx_word' id='word_1_80' title='bbox 358 973 452 1019; x_wconf 89' lang='lat' dir='ltr'>viso</span> <span class='ocrx_word' id='word_1_81' title='bbox 477 972 708 1035; x_wconf 73' lang='lat' dir='ltr'>Tyrrheni</span> <span class='ocrx_word' id='word_1_82' title='bbox 735 972 969 1034; x_wconf 79' lang='lat' dir='ltr'>sauguine</span> <span class='ocrx_word' id='word_1_83' title='bbox 993 972 1148 1028; x_wconf 85' lang='lat' dir='ltr'>laetus,</span> 
     </span>
     <span class='ocr_line' id='line_1_14' title="bbox 143 1037 1343 1101; baseline -0.001 -16"><span class='ocrx_word' id='word_1_84' title='bbox 143 1040 294 1101; x_wconf 89' lang='lat' dir='ltr'>Eripit</span> <span class='ocrx_word' id='word_1_85' title='bbox 318 1057 346 1086; x_wconf 86' lang='lat' dir='ltr'>a</span> <span class='ocrx_word' id='word_1_86' title='bbox 369 1039 565 1093; x_wconf 87' lang='lat' dir='ltr'>femore,</span> <span class='ocrx_word' id='word_1_87' title='bbox 592 1047 639 1084; x_wconf 88' lang='lat' dir='ltr'>et</span> <span class='ocrx_word' id='word_1_88' title='bbox 665 1038 922 1100; x_wconf 83' lang='lat' dir='ltr'>trepidanti</span> <span class='ocrx_word' id='word_1_89' title='bbox 952 1038 1158 1084; x_wconf 87' lang='lat' dir='ltr'>fervidus</span> <span class='ocrx_word' id='word_1_90' title='bbox 1185 1037 1343 1085; x_wconf 86' lang='lat' dir='ltr'>instat.</span> 
     </span>
     <span class='ocr_line' id='line_1_15' title="bbox 207 1103 1441 1168; baseline -0.001 -16"><span class='ocrx_word' id='word_1_91' title='bbox 207 1105 445 1168; x_wconf 86' lang='lat' dir='ltr'>Ingemuit</span> <span class='ocrx_word' id='word_1_92' title='bbox 470 1105 566 1150; x_wconf 87' lang='lat' dir='ltr'>cari</span> <span class='ocrx_word' id='word_1_93' title='bbox 591 1105 791 1166; x_wconf 84' lang='lat' dir='ltr'>graviter</span> <span class='ocrx_word' id='word_1_94' title='bbox 815 1103 1039 1164; x_wconf 84' lang='lat' dir='ltr'>genitoris</span> <span class='ocrx_word' id='word_1_95' title='bbox 1066 1120 1239 1158; x_wconf 84' lang='lat' dir='ltr'>amore,</span> <span class='ocrx_word' id='word_1_96' title='bbox 1347 1111 1441 1160; x_wconf 83' lang='lat'>789</span> 
     </span>
     <span class='ocr_line' id='line_1_16' title="bbox 142 1170 1388 1233; baseline -0.002 -15"><span class='ocrx_word' id='word_1_97' title='bbox 142 1173 208 1218; x_wconf 89' lang='lat' dir='ltr'>Ut</span> <span class='ocrx_word' id='word_1_98' title='bbox 232 1173 363 1227; x_wconf 88' lang='lat' dir='ltr'>vidit,</span> <span class='ocrx_word' id='word_1_99' title='bbox 392 1174 594 1223; x_wconf 81' lang='lat' dir='ltr'>Lausus3</span> <span class='ocrx_word' id='word_1_100' title='bbox 635 1172 954 1232; x_wconf 78' lang='lat' dir='ltr'>lacrymaeque</span> <span class='ocrx_word' id='word_1_101' title='bbox 979 1186 1064 1233; x_wconf 85' lang='lat' dir='ltr'>per</span> <span class='ocrx_word' id='word_1_102' title='bbox 1090 1186 1170 1216; x_wconf 89' lang='lat' dir='ltr'>ora</span> <span class='ocrx_word' id='word_1_103' title='bbox 1196 1170 1388 1216; x_wconf 63' lang='lat' dir='ltr'>volutae.</span> 
     </span>
     <span class='ocr_line' id='line_1_17' title="bbox 142 1235 1374 1298; baseline -0.001 -14"><span class='ocrx_word' id='word_1_104' title='bbox 142 1238 238 1284; x_wconf 74' lang='lat' dir='ltr'>Hic</span> <span class='ocrx_word' id='word_1_105' title='bbox 266 1238 429 1284; x_wconf 88' lang='lat' dir='ltr'>mortis</span> <span class='ocrx_word' id='word_1_106' title='bbox 455 1238 585 1282; x_wconf 80' lang='lat' dir='ltr'>durae</span> <span class='ocrx_word' id='word_1_107' title='bbox 612 1252 793 1289; x_wconf 84' lang='lat' dir='ltr'>casum,</span> <span class='ocrx_word' id='word_1_108' title='bbox 821 1245 998 1298; x_wconf 87' lang='lat' dir='ltr'>tuaque</span> <span class='ocrx_word' id='word_1_109' title='bbox 1025 1237 1203 1298; x_wconf 87' lang='lat' dir='ltr'>optima</span> <span class='ocrx_word' id='word_1_110' title='bbox 1228 1235 1374 1291; x_wconf 83' lang='lat' dir='ltr'>facta,</span> 
     </span>
     <span class='ocr_line' id='line_1_18' title="bbox 141 1303 1309 1366; baseline -0.003 -15"><span class='ocrx_word' id='word_1_111' title='bbox 141 1305 190 1352; x_wconf 90' lang='lat' dir='ltr'>Si</span> <span class='ocrx_word' id='word_1_112' title='bbox 214 1320 306 1366; x_wconf 87' lang='lat' dir='ltr'>qua</span> <span class='ocrx_word' id='word_1_113' title='bbox 331 1304 474 1350; x_wconf 83' lang='lat' dir='ltr'>fidem</span> <span class='ocrx_word' id='word_1_114' title='bbox 502 1311 631 1348; x_wconf 79' lang='lat' dir='ltr'>tanto</span> <span class='ocrx_word' id='word_1_115' title='bbox 657 1312 724 1347; x_wconf 76' lang='lat' dir='ltr'>est</span> <span class='ocrx_word' id='word_1_116' title='bbox 752 1306 883 1362; x_wconf 87' lang='lat' dir='ltr'>operi</span> <span class='ocrx_word' id='word_1_117' title='bbox 908 1303 1059 1348; x_wconf 87' lang='lat' dir='ltr'>latura</span> <span class='ocrx_word' id='word_1_118' title='bbox 1082 1311 1309 1358; x_wconf 77' lang='lat' dir='ltr'>vetustas,</span> 
     </span>
     <span class='ocr_line' id='line_1_19' title="bbox 139 1368 1441 1432; baseline -0.002 -16"><span class='ocrx_word' id='word_1_119' title='bbox 139 1371 250 1416; x_wconf 91' lang='lat' dir='ltr'>Non</span> <span class='ocrx_word' id='word_1_120' title='bbox 275 1370 513 1432; x_wconf 82' lang='lat' dir='ltr'>equidem,</span> <span class='ocrx_word' id='word_1_121' title='bbox 540 1378 709 1423; x_wconf 88' lang='lat' dir='ltr'>necte,</span> <span class='ocrx_word' id='word_1_122' title='bbox 730 1368 921 1426; x_wconf 82' lang='lat' dir='ltr'>juvenis</span> <span class='ocrx_word' id='word_1_123' title='bbox 940 1368 1258 1424; x_wconf 86' lang='lat' dir='ltr'>memorande,</span> <span class='ocrx_word' id='word_1_124' title='bbox 1279 1368 1441 1415; x_wconf 88' lang='lat' dir='ltr'>silebo.</span> 
     </span>
     <span class='ocr_line' id='line_1_20' title="bbox 141 1435 1327 1498; baseline -0.001 -16"><span class='ocrx_word' id='word_1_125' title='bbox 141 1437 225 1482; x_wconf 77' lang='lat' dir='ltr'>llle</span> <span class='ocrx_word' id='word_1_126' title='bbox 246 1439 415 1498; x_wconf 84' lang='lat' dir='ltr'>pedem</span> <span class='ocrx_word' id='word_1_127' title='bbox 443 1436 666 1491; x_wconf 83' lang='lat' dir='ltr'>referens,</span> <span class='ocrx_word' id='word_1_128' title='bbox 694 1445 740 1480; x_wconf 88' lang='lat' dir='ltr'>et</span> <span class='ocrx_word' id='word_1_129' title='bbox 765 1435 959 1491; x_wconf 89' lang='lat' dir='ltr'>inutilis,</span> <span class='ocrx_word' id='word_1_130' title='bbox 986 1437 1126 1496; x_wconf 89' lang='lat' dir='ltr'>inque</span> <span class='ocrx_word' id='word_1_131' title='bbox 1151 1435 1327 1496; x_wconf 84' lang='lat' dir='ltr'>ligatus</span> 
     </span>
     <span class='ocr_line' id='line_1_21' title="bbox 140 1500 1389 1565; baseline 0.001 -16"><span class='ocrx_word' id='word_1_132' title='bbox 140 1504 371 1559; x_wconf 87' lang='lat' dir='ltr'>Cedebat,</span> <span class='ocrx_word' id='word_1_133' title='bbox 398 1502 665 1565; x_wconf 83' lang='lat' dir='ltr'>clypeoque</span> <span class='ocrx_word' id='word_1_134' title='bbox 690 1500 931 1547; x_wconf 87' lang='lat' dir='ltr'>inimicum</span> <span class='ocrx_word' id='word_1_135' title='bbox 959 1501 1124 1547; x_wconf 85' lang='lat' dir='ltr'>hastile</span> <span class='ocrx_word' id='word_1_136' title='bbox 1148 1502 1389 1550; x_wconf 77' lang='lat' dir='ltr'>trahebat.</span> 
     </span>
     <span class='ocr_line' id='line_1_22' title="bbox 139 1567 1258 1630; baseline -0.002 -15"><span class='ocrx_word' id='word_1_137' title='bbox 139 1568 391 1630; x_wconf 89' lang='lat' dir='ltr'>Prorupit</span> <span class='ocrx_word' id='word_1_138' title='bbox 371 1569 576 1629; x_wconf 68' lang='lat' dir='ltr'>juvenis,</span> <span class='ocrx_word' id='word_1_139' title='bbox 603 1583 801 1628; x_wconf 85' lang='lat' dir='ltr'>seseque</span> <span class='ocrx_word' id='word_1_140' title='bbox 826 1567 1082 1614; x_wconf 88' lang='lat' dir='ltr'>immiscuit</span> <span class='ocrx_word' id='word_1_141' title='bbox 1105 1568 1258 1613; x_wconf 87' lang='lat' dir='ltr'>armis.</span> 
     </span>
     <span class='ocr_line' id='line_1_23' title="bbox 136 1632 1386 1696; baseline -0.002 -15"><span class='ocrx_word' id='word_1_142' title='bbox 136 1636 340 1696; x_wconf 89' lang='lat' dir='ltr'>Jamque</span> <span class='ocrx_word' id='word_1_143' title='bbox 365 1634 650 1696; x_wconf 85' lang='lat' dir='ltr'>assurgentis</span> <span class='ocrx_word' id='word_1_144' title='bbox 677 1633 862 1689; x_wconf 81' lang='lat' dir='ltr'>dextra,</span> <span class='ocrx_word' id='word_1_145' title='bbox 882 1634 1169 1696; x_wconf 82' lang='lat' dir='ltr'>plagamque</span> <span class='ocrx_word' id='word_1_146' title='bbox 1194 1632 1386 1680; x_wconf 84' lang='lat' dir='ltr'>ferentis</span> 
     </span>
     <span class='ocr_line' id='line_1_24' title="bbox 145 1699 1345 1761; baseline -0.002 -13"><span class='ocrx_word' id='word_1_147' title='bbox 145 1702 298 1748; x_wconf 83' lang='lat' dir='ltr'>AEneae</span> <span class='ocrx_word' id='word_1_148' title='bbox 323 1701 473 1748; x_wconf 85' lang='lat' dir='ltr'>subiit</span> <span class='ocrx_word' id='word_1_149' title='bbox 498 1715 799 1753; x_wconf 85' lang='lat' dir='ltr'>mucronem;</span> <span class='ocrx_word' id='word_1_150' title='bbox 837 1699 1091 1761; x_wconf 88' lang='lat' dir='ltr'>ipsumque</span> <span class='ocrx_word' id='word_1_151' title='bbox 1117 1700 1345 1746; x_wconf 81' lang='lat' dir='ltr'>morando</span> 
     </span>
     <span class='ocr_line' id='line_1_25' title="bbox 140 1766 1304 1827; baseline -0.001 -14"><span class='ocrx_word' id='word_1_152' title='bbox 140 1768 412 1822; x_wconf 76' lang='lat' dir='ltr'>Sustinuit,</span> <span class='ocrx_word' id='word_1_153' title='bbox 450 1766 565 1813; x_wconf 88' lang='lat' dir='ltr'>socii</span> <span class='ocrx_word' id='word_1_154' title='bbox 594 1782 764 1827; x_wconf 83' lang='lat' dir='ltr'>magno</span> <span class='ocrx_word' id='word_1_155' title='bbox 788 1766 996 1812; x_wconf 86' lang='lat' dir='ltr'>clamore</span> <span class='ocrx_word' id='word_1_156' title='bbox 1024 1776 1304 1827; x_wconf 87' lang='lat' dir='ltr'>sequuntur,</span> 
     </span>
     <span class='ocr_line' id='line_1_26' title="bbox 140 1832 1443 1894; baseline 0 -15"><span class='ocrx_word' id='word_1_157' title='bbox 140 1834 265 1880; x_wconf 89' lang='lat' dir='ltr'>Dum</span> <span class='ocrx_word' id='word_1_158' title='bbox 294 1835 476 1894; x_wconf 84' lang='lat' dir='ltr'>genitor</span> <span class='ocrx_word' id='word_1_159' title='bbox 502 1832 598 1879; x_wconf 79' lang='lat' dir='ltr'>nati</span> <span class='ocrx_word' id='word_1_160' title='bbox 625 1848 786 1894; x_wconf 88' lang='lat' dir='ltr'>parma</span> <span class='ocrx_word' id='word_1_161' title='bbox 810 1840 1049 1892; x_wconf 89' lang='lat' dir='ltr'>protectus</span> <span class='ocrx_word' id='word_1_162' title='bbox 1075 1832 1251 1886; x_wconf 79' lang='lat' dir='ltr'>abiret;</span> <span class='ocrx_word' id='word_1_163' title='bbox 1349 1837 1443 1880; x_wconf 83' lang='lat'>800</span> 
     </span>
     <span class='ocr_line' id='line_1_27' title="bbox 137 1897 1441 1961; baseline -0.002 -15"><span class='ocrx_word' id='word_1_164' title='bbox 137 1900 350 1961; x_wconf 81' lang='lat' dir='ltr'>Telaque</span> <span class='ocrx_word' id='word_1_165' title='bbox 372 1900 650 1960; x_wconf 84' lang='lat' dir='ltr'>conjiciunt,</span> <span class='ocrx_word' id='word_1_166' title='bbox 664 1899 1039 1959; x_wconf 83' lang='lat' dir='ltr'>proturbantque</span> <span class='ocrx_word' id='word_1_167' title='bbox 1058 1897 1242 1944; x_wconf 72' lang='lat' dir='ltr'>eminus</span> <span class='ocrx_word' id='word_1_168' title='bbox 1260 1900 1441 1944; x_wconf 83' lang='lat' dir='ltr'>hostem</span> 
     </span>
     <span class='ocr_line' id='line_1_28' title="bbox 140 1966 1328 2025; baseline -0.001 -13"><span class='ocrx_word' id='word_1_169' title='bbox 140 1967 438 2013; x_wconf 86' lang='lat' dir='ltr'>Missilibus:</span> <span class='ocrx_word' id='word_1_170' title='bbox 478 1966 590 2012; x_wconf 89' lang='lat' dir='ltr'>furit</span> <span class='ocrx_word' id='word_1_171' title='bbox 616 1967 802 2019; x_wconf 79' lang='lat' dir='ltr'>AEneas,</span> <span class='ocrx_word' id='word_1_172' title='bbox 832 1974 1084 2025; x_wconf 87' lang='lat' dir='ltr'>tectusque</span> <span class='ocrx_word' id='word_1_173' title='bbox 1108 1974 1235 2010; x_wconf 88' lang='lat' dir='ltr'>tenet</span> <span class='ocrx_word' id='word_1_174' title='bbox 1263 1981 1328 2011; x_wconf 90' lang='lat' dir='ltr'>se.</span> 
     </span>
     <span class='ocr_line' id='line_1_29' title="bbox 141 2031 1257 2094; baseline -0.004 -15"><span class='ocrx_word' id='word_1_175' title='bbox 141 2037 212 2078; x_wconf 85' lang='lat' dir='ltr'>Ac</span> <span class='ocrx_word' id='word_1_176' title='bbox 239 2033 382 2088; x_wconf 87' lang='lat' dir='ltr'>velut,</span> <span class='ocrx_word' id='word_1_177' title='bbox 406 2033 554 2079; x_wconf 67' lang='lat' dir='ltr'>effusa</span> <span class='ocrx_word' id='word_1_178' title='bbox 581 2032 617 2077; x_wconf 92' lang='lat' dir='ltr'>si</span> <span class='ocrx_word' id='word_1_179' title='bbox 644 2031 838 2094; x_wconf 84' lang='lat' dir='ltr'>quando</span> <span class='ocrx_word' id='word_1_180' title='bbox 864 2031 1086 2093; x_wconf 87' lang='lat' dir='ltr'>grandine</span> <span class='ocrx_word' id='word_1_181' title='bbox 1110 2031 1257 2076; x_wconf 85' lang='lat' dir='ltr'>nimbi</span> 
     </span>
     <span class='ocr_line' id='line_1_30' title="bbox 142 2097 1259 2162; baseline -0.002 -18"><span class='ocrx_word' id='word_1_182' title='bbox 142 2099 465 2162; x_wconf 85' lang='lat' dir='ltr'>Praecipitant,</span> <span class='ocrx_word' id='word_1_183' title='bbox 493 2099 647 2144; x_wconf 89' lang='lat' dir='ltr'>omnis</span> <span class='ocrx_word' id='word_1_184' title='bbox 674 2099 853 2159; x_wconf 84' lang='lat' dir='ltr'>campis</span> <span class='ocrx_word' id='word_1_185' title='bbox 879 2097 1067 2159; x_wconf 80' lang='lat' dir='ltr'>diffugit</span> <span class='ocrx_word' id='word_1_186' title='bbox 1090 2107 1259 2152; x_wconf 88' lang='lat' dir='ltr'>arator,</span> 
     </span>
     <span class='ocr_line' id='line_1_31' title="bbox 144 2163 1278 2227; baseline -0.002 -17"><span class='ocrx_word' id='word_1_187' title='bbox 144 2163 310 2211; x_wconf 90' lang='lat' dir='ltr'>Omnis</span> <span class='ocrx_word' id='word_1_188' title='bbox 334 2174 379 2211; x_wconf 89' lang='lat' dir='ltr'>et</span> <span class='ocrx_word' id='word_1_189' title='bbox 404 2166 628 2227; x_wconf 84' lang='lat' dir='ltr'>agricola,</span> <span class='ocrx_word' id='word_1_190' title='bbox 654 2174 700 2210; x_wconf 88' lang='lat' dir='ltr'>et</span> <span class='ocrx_word' id='word_1_191' title='bbox 726 2165 828 2210; x_wconf 69' lang='lat' dir='ltr'>tuta</span> <span class='ocrx_word' id='word_1_192' title='bbox 852 2163 964 2209; x_wconf 82' lang='lat' dir='ltr'>latet</span> <span class='ocrx_word' id='word_1_193' title='bbox 983 2180 1087 2210; x_wconf 89' lang='lat' dir='ltr'>arce</span> <span class='ocrx_word' id='word_1_194' title='bbox 1114 2163 1278 2218; x_wconf 89' lang='lat' dir='ltr'>viator,</span> 
     </span>
     <span class='ocr_line' id='line_1_32' title="bbox 141 2229 1113 2293; baseline -0.004 -15"><span class='ocrx_word' id='word_1_195' title='bbox 141 2233 241 2278; x_wconf 87' lang='lat' dir='ltr'>Aut</span> <span class='ocrx_word' id='word_1_196' title='bbox 261 2232 409 2276; x_wconf 88' lang='lat' dir='ltr'>amnis</span> <span class='ocrx_word' id='word_1_197' title='bbox 434 2232 559 2293; x_wconf 86' lang='lat' dir='ltr'>ripis,</span> <span class='ocrx_word' id='word_1_198' title='bbox 587 2239 668 2277; x_wconf 87' lang='lat' dir='ltr'>aut</span> <span class='ocrx_word' id='word_1_199' title='bbox 693 2231 772 2276; x_wconf 84' lang='lat' dir='ltr'>alti</span> <span class='ocrx_word' id='word_1_200' title='bbox 799 2229 976 2276; x_wconf 89' lang='lat' dir='ltr'>fornice</span> <span class='ocrx_word' id='word_1_201' title='bbox 996 2229 1113 2283; x_wconf 85' lang='lat' dir='ltr'>saxi,</span> 
     </span>
     <span class='ocr_line' id='line_1_33' title="bbox 145 2294 1356 2359; baseline -0.001 -18"><span class='ocrx_word' id='word_1_202' title='bbox 145 2297 273 2342; x_wconf 90' lang='lat' dir='ltr'>Dum</span> <span class='ocrx_word' id='word_1_203' title='bbox 301 2296 421 2359; x_wconf 88' lang='lat' dir='ltr'>pluit</span> <span class='ocrx_word' id='word_1_204' title='bbox 446 2299 491 2343; x_wconf 91' lang='lat' dir='ltr'>iu</span> <span class='ocrx_word' id='word_1_205' title='bbox 518 2298 682 2356; x_wconf 78' lang='lat' dir='ltr'>terris;</span> <span class='ocrx_word' id='word_1_206' title='bbox 721 2306 771 2343; x_wconf 93' lang='lat' dir='ltr'>ut</span> <span class='ocrx_word' id='word_1_207' title='bbox 797 2297 995 2357; x_wconf 87' lang='lat' dir='ltr'>possint,</span> <span class='ocrx_word' id='word_1_208' title='bbox 1019 2295 1115 2341; x_wconf 90' lang='lat' dir='ltr'>sole</span> <span class='ocrx_word' id='word_1_209' title='bbox 1141 2294 1356 2352; x_wconf 84' lang='lat' dir='ltr'>reducto,</span> 
     </span>
     <span class='ocr_line' id='line_1_34' title="bbox 145 2362 1246 2424; baseline 0 -16"><span class='ocrx_word' id='word_1_210' title='bbox 145 2364 379 2410; x_wconf 87' lang='lat' dir='ltr'>Exercere</span> <span class='ocrx_word' id='word_1_211' title='bbox 406 2364 552 2410; x_wconf 84' lang='lat' dir='ltr'>diem:</span> <span class='ocrx_word' id='word_1_212' title='bbox 591 2367 657 2409; x_wconf 88' lang='lat' dir='ltr'>sic</span> <span class='ocrx_word' id='word_1_213' title='bbox 682 2365 881 2410; x_wconf 85' lang='lat' dir='ltr'>obrutus</span> <span class='ocrx_word' id='word_1_214' title='bbox 906 2362 1117 2424; x_wconf 92' lang='lat' dir='ltr'>undique</span> <span class='ocrx_word' id='word_1_215' title='bbox 1143 2362 1246 2408; x_wconf 83' lang='lat' dir='ltr'>telis</span> 
     </span>
     <span class='ocr_line' id='line_1_35' title="bbox 146 2429 1257 2487; baseline -0.004 -9"><span class='ocrx_word' id='word_1_216' title='bbox 146 2430 314 2478; x_wconf 87' lang='lat' dir='ltr'>AEneas</span> <span class='ocrx_word' id='word_1_217' title='bbox 340 2431 513 2476; x_wconf 87' lang='lat' dir='ltr'>nubem</span> <span class='ocrx_word' id='word_1_218' title='bbox 541 2430 669 2487; x_wconf 90' lang='lat' dir='ltr'>belli,</span> <span class='ocrx_word' id='word_1_219' title='bbox 696 2429 810 2476; x_wconf 88' lang='lat' dir='ltr'>dum</span> <span class='ocrx_word' id='word_1_220' title='bbox 835 2429 1048 2484; x_wconf 89' lang='lat' dir='ltr'>detonet,</span> <span class='ocrx_word' id='word_1_221' title='bbox 1072 2444 1257 2475; x_wconf 89' lang='lat' dir='ltr'>omnem</span> 
     </span>
    </p>
   </div>
  </div>
 </body>
</html>
