1607 2700
156 86 251 127 220
483 93 539 126 Ρ.
579 90 825 125 VIRGILII
865 90 1126 125 MARONrs

154 210 310 272 Ipsius
329 226 355 255 a
382 210 503 256 solio
527 210 651 271 regis
679 209 917 272 traxitque
942 216 1221 256 trementem
1245 224 1257 256 τ

154 278 215 323 Hi
242 276 483 323 dominam
511 277 637 323 Ditis
658 277 870 323 thalamo
895 276 1135 322 deducere
1155 273 1328 321 adorti.

153 345 276 398 Quae
302 352 469 390 contra
494 343 699 389 breviter
718 343 815 388 fata
831 351 902 388 est
927 342 1214 403 Amphrysia
1241 349 1402 386 vates:

152 410 311 456 Nullae
339 410 419 456 hic
443 409 623 455 insidiae
651 409 788 463 tales,
815 409 992 454 absiste
1012 407 1220 462 moveri;

148 477 255 522 Nec
275 475 368 522 vim
393 477 482 523 tela
507 476 686 521 ferunt:
716 475 826 519 licet
850 474 1357 536 ingensjanitorantro
1375 479 1472 521 400

156 543 394 589 AEterniim
419 543 597 589 latrans
616 556 876 601 exsangues
898 547 1072 586 terreat
1096 541 1289 586 umbras
1308 559 1321 595 3

151 609 300 656 Casta
325 609 437 654 licet
463 606 625 671 patrui
651 614 808 652 servet
834 607 1120 667 Proserpina
1144 607 1304 653 limen.

148 675 328 721 Troius
345 676 534 730 AEneas,
573 674 754 734 pietate
771 672 966 735 insignis
991 680 1041 718 et
1058 672 1218 729 armis,

150 742 230 787 Ad
257 742 536 803 genitorem,
575 740 694 785 imas
723 739 867 785 Erebi
895 738 1153 784 descendit
1171 739 1233 785 ad
1261 738 1471 784 umbras.

150 808 198 853 Si
222 817 268 854 te
292 807 422 853 nulla
447 815 611 853 movet
635 814 784 853 tantae
804 804 992 867 pietatis
1018 804 1190 866 imago,

149 877 216 921 At
240 890 420 920 ramum
447 874 573 919 bunc
599 873 774 935 (aperit
791 887 975 917 ramum
1003 871 1083 933 qui
1123 879 1249 916 veste
1276 869 1476 928 latebat)

149 943 417 1002 Agnoscas.
486 940 694 985 Tumida
719 955 777 984 ex
800 939 869 984 ira
894 946 995 984 tum
1013 937 1160 983 corda
1178 937 1409 982 residunt.

149 1007 257 1054 Nec
283 1007 422 1069 plura
449 1005 538 1052 his.
609 1006 694 1052 Ille
720 1005 958 1051 admirans
984 1003 1257 1050 venerabile
1278 1002 1460 1048 donum

150 1074 326 1120 Fatalis
347 1074 504 1134 virgae,
544 1073 687 1135 longo
713 1072 823 1134 post
848 1080 1063 1133 tempore
1089 1071 1256 1125 visum,
1375 1076 1473 1122 409

151 1140 425 1188 Cceruleam
448 1139 654 1186 advertit
679 1139 901 1202 puppim,
929 1139 1144 1200 ripaeque
1162 1136 1471 1199 propinquat.

151 1207 269 1252 Inde
293 1206 412 1253 alias
439 1206 640 1261 animas,
680 1222 788 1267 quae
808 1222 896 1268 per
913 1205 1036 1266 juga
1060 1206 1201 1264 longa
1226 1203 1473 1257 sedebant,

151 1272 410 1330 Deturbat,
451 1273 677 1334 laxatque
700 1271 829 1317 foros
853 1288 864 1325 ;
909 1270 1047 1317 simul
1073 1270 1250 1332 accipit
1269 1269 1406 1315 alveo

152 1343 400 1400 Ingentem
428 1341 642 1386 AEneam.
715 1337 916 1384 Gemuit
936 1337 1025 1384 sub
1046 1335 1256 1398 pondere
1281 1336 1458 1398 cymba

151 1406 336 1461 Sutilis,
365 1415 414 1453 et
439 1407 640 1452 multam
661 1405 851 1467 accepit
875 1403 1050 1450 rimosa
1073 1402 1319 1466 paludem.

149 1472 370 1518 Tandem
387 1481 515 1520 trans
534 1471 732 1518 fluvium
749 1470 1014 1517 incolumes
1028 1477 1290 1530 vatemque
1302 1468 1476 1514 virum-

152 1538 349 1585 Informi
377 1540 490 1585 limo
512 1540 780 1600 glaucaque
804 1537 999 1599 exponit
1023 1536 1070 1583 in
1095 1536 1222 1582 ulva.
1358 1536 1473 1598 [que

218 1606 459 1652 Cerberus
487 1606 589 1651 liaec
616 1604 779 1666 ingens
800 1604 976 1650 latratu
1001 1619 1148 1664 regna
1167 1602 1352 1649 trifauci

152 1673 399 1728 Personat,
426 1671 625 1718 adverso
653 1673 888 1717 recubans
910 1669 1126 1716 immanis
1154 1669 1200 1713 in
1222 1679 1376 1716 antro·

151 1739 243 1784 Cui
269 1747 417 1794 vates,
446 1740 632 1784 horrere
654 1737 820 1784 videns
836 1736 938 1797 jam
965 1736 1089 1781 colla
1114 1735 1338 1789 colubris,

151 1806 297 1852 Melle
319 1814 599 1868 soporatam
625 1811 672 1850 et
697 1803 946 1849 medicatis
970 1801 1189 1862 frugibus
1213 1800 1357 1847 offam
1375 1808 1472 1848 420

151 1872 366 1933 Objicit:
395 1872 470 1918 ille
495 1870 621 1917 fame
643 1869 812 1916 rabida
839 1869 928 1916 tria
954 1877 1146 1929 guttura
1170 1867 1406 1929 pandens,

152 1938 364 2000 Corripit
387 1938 651 1999 objectam,
697 1945 844 1998 atque
870 1936 1094 1981 immania
1119 1944 1252 1996 terga
1276 1935 1472 1981 resolvi*

151 2004 301 2052 Fusus
329 2006 475 2062 humi,
516 2013 717 2064 totoque
741 2004 907 2065 ingens
932 2001 1208 2048 extenditur
1227 2009 1383 2047 antro.

152 2073 380 2133 Occupat
404 2073 574 2118 AEneas
601 2069 799 2126 aditum,
824 2068 1022 2115 custode
1043 2067 1249 2130 sepulto,

150 2138 424 2200 Evaditque
450 2138 574 2184 celer
596 2137 746 2198 ripam
775 2135 1086 2182 irremeabilis
1114 2134 1271 2180 undae.

216 2204 459 2251 Continuo
485 2204 662 2250 auditae
683 2220 842 2258 voces,
862 2202 1046 2263 vagitus
1071 2209 1120 2247 et
1144 2200 1331 2264 ingens,

152 2270 496 2332 Insantumque
521 2271 691 2316 animae
718 2268 883 2317 flentes
905 2271 949 2315 in
974 2268 1133 2314 limine
1159 2268 1344 2328 prim03

153 2340 289 2392 Quos
315 2337 472 2384 dulcis
500 2337 610 2383 vitae
636 2345 864 2392 exsortes,
891 2343 940 2381 et
964 2334 1025 2380 ab
1051 2335 1196 2380 ubere
1221 2344 1385 2396 raptos

152 2404 365 2450 Abstulit
386 2412 487 2450 atra
503 2403 623 2458 dies,
651 2411 698 2449 et
719 2402 881 2449 funere
908 2400 1069 2448 mersit
1092 2400 1285 2446 acerbo.

154 2471 256 2517 Hos
274 2470 433 2524 juxta,
462 2469 580 2516 falso
602 2468 815 2515 damnati
840 2467 1033 2515 crimine
1055 2468 1237 2513 mortis.
1376 2472 1473 2514 430
