1607 2700
558 117 822 154 AENmoos
868 121 980 155 Lm.
1021 121 1109 154 ιω
1224 131 1228 136 -
1408 113 1496 157 153

172 236 341 286 Sorbet
367 240 412 285 in
438 239 696 302 abruptum
719 236 910 293 fluctus,
952 254 1210 300 rursusque
1237 239 1325 286 sub
1359 254 1496 285 auras

171 305 320 368 Erigit
343 306 566 362 alternos,
593 314 641 353 et
660 304 812 349 sidera
833 304 1050 350 verberat
1077 305 1220 350 unda.

169 374 237 416 At
256 372 458 434 Scyllam
478 373 618 420 caecis
641 370 838 418 cohibet
865 371 1099 434 spelunca
1124 370 1338 428 latebris,

169 438 268 483 Ora
291 447 598 496 exertantem,
637 447 684 486 et
709 454 853 484 naves
877 438 920 482 in
947 452 1057 483 saxa
1082 437 1362 485 trahentem.

168 504 328 551 Prima
352 505 554 553 hominis
580 507 741 561 facie5‚
769 514 812 549 et
840 504 1044 566 pulchro
1071 512 1264 566 pectore
1289 506 1421 565 virgo

165 569 300 617 Pube
324 579 493 620 tenus:
532 581 778 636 postrema
805 570 997 617 immani
1023 585 1224 632 corpore
1250 570 1437 631 pistrix,

164 636 458 699 Delphinfim
480 640 656 687 caudas
683 647 817 685 utero
843 637 1099 684 commissa
1123 637 1363 699 luporum.

164 703 367 751 Praestat
386 706 626 754 Trinacrii
651 714 799 752 metas
820 705 1016 751 lustrare
1042 703 1261 767 Pachyni

165 769 464 829 Cessantem,
489 773 657 836 longos
684 780 732 819 et
753 770 1133 818 circumflectere
1158 787 1344 826 cursuS,
1400 778 1496 819 430

164 835 322 891 Quam
350 840 493 886 semel
520 840 770 886 informem
797 846 933 884 vasto
958 837 1131 884 vidisse
1152 838 1241 884 sub
1262 846 1399 883 antro

164 902 393 966 Scyllam,
421 914 469 952 et
487 906 703 953 coeruleis
728 905 929 951 canibus
955 904 1230 951 resonantia
1254 919 1380 952 saxa.

162 969 419 1027 Praeterea‚
445 972 483 1018 si
509 989 600 1035 qua
628 980 700 1019 est
726 972 913 1018 Heleno
939 970 1208 1032 prudentia,
1236 971 1330 1016 vati

162 1036 208 1081 Si
235 1052 330 1098 qua
357 1037 491 1095 fides,
519 1039 727 1085 animum
755 1038 792 1084 si
819 1038 938 1085 veris
965 1037 1132 1099 implet
1153 1037 1362 1100 Apollo;

161 1102 319 1149 Unum
340 1104 457 1151 illud
485 1106 589 1161 tibi,
613 1113 722 1151 nate
746 1105 864 1160 Dea,
883 1120 1080 1166 praeque
1101 1104 1322 1150 omnibus
1351 1120 1493 1150 unum

160 1169 442 1228 PraediCam‚
480 1179 528 1220 et
552 1180 769 1235 repetens
808 1172 1076 1234 iterumque
1102 1171 1370 1232 iterumque
1396 1188 1496 1217 mo-

282 1238 444 1286 ·neb0:

158 1303 360 1350 Junonis
387 1320 569 1368 magnae
590 1304 796 1368 primum
824 1321 965 1368 prece
987 1320 1161 1350 numen
1184 1304 1358 1351 adora:

158 1371 338 1417 Junoni
364 1387 482 1418 cane
506 1383 621 1418 vota
644 1372 814 1426 libenS,
853 1371 1194 1433 dominamque
1214 1378 1459 1432 potentem

159 1436 477 1499 Supplicibus
504 1454 674 1501 supera
701 1438 870 1485 donis:
912 1439 980 1484 sic
1009 1436 1215 1500 denique
1240 1439 1396 1484 victor

156 1503 403 1551 Trinacria
427 1503 545 1552 fines
572 1506 719 1552 Italos
739 1505 924 1552 mittere
945 1504 1128 1551 relicta.
1398 1512 1495 1552 440

156 1569 270 1618 Huc
291 1572 375 1618 ubi
401 1572 587 1619 delatus
615 1573 861 1619 Cumaeam
889 1571 1149 1617 accesseris
1176 1571 1359 1626 urbem,

155 1636 451 1699 Divinosque
475 1639 626 1695 lacus,
653 1646 701 1685 et
727 1642 918 1685 Averna
944 1637 1163 1684 sonantia
1189 1637 1319 1683 silvis
1341 1654 1352 1691 ;

155 1702 380 1760 Insanam
400 1714 551 1752 vatem
577 1704 799 1768 aspicie5‚
822 1721 928 1768 quae
956 1720 1071 1767 rupe
1098 1704 1189 1749 sub
1216 1704 1309 1750 ima

156 1770 271 1817 Fata
292 1771 437 1828 canit,
466 1772 690 1834 foliisque
709 1780 846 1818 notas
869 1778 916 1818 et
935 1771 1126 1817 nomina
1150 1770 1360 1817 mandat.

155 1836 484 1901 Quaecumque
505 1839 551 1884 in
579 1839 700 1885 foliis
722 1838 978 1900 descripsit
1000 1837 1211 1883 carmina
1236 1837 1383 1899 virgo,

155 1903 339 1965 Digerit
357 1905 402 1950 in
422 1922 684 1962 numerum,
704 1915 849 1967 atque
867 1913 1004 1950 antro
1026 1904 1209 1950 seclusa
1234 1904 1488 1965 relinquit:

155 1970 246 2016 lua
270 1981 463 2018 manent
479 1973 674 2018 immota
694 1973 829 2026 locis,
849 1987 1002 2032 neque
1029 1970 1088 2016 ab
1109 1970 1276 2017 ordine
1295 1973 1487 2018 cedunt.

153 2036 332 2085 Verum
351 2038 535 2095 eadem,
562 2056 697 2085 verso
723 2041 876 2084 tenuis
902 2037 1013 2084 cum
1037 2037 1227 2083 cardine
1254 2046 1424 2084 ventus

154 2103 370 2165 Impulit,
391 2115 437 2152 et
463 2115 645 2152 teneras
671 2105 879 2152 turbavit
896 2104 1049 2166 janua
1074 2105 1263 2150 frondes
1286 2122 1298 2160 ;
1393 2110 1490 2159 449

155 2170 416 2233 Nunquam
441 2172 614 2219 deinde
641 2188 759 2219 cavo
785 2171 1032 2218 volitantia
1059 2170 1296 2233 prendere
1322 2187 1455 2226 saxo,

153 2236 261 2283 Nec
286 2254 512 2285 revocare
538 2238 671 2295 situs,
698 2248 778 2285 aut
798 2238 1005 2301 jungere
1031 2238 1240 2284 carmina
1269 2246 1422 2284 curat.

155 2303 423 2351 Inconsulti
449 2306 647 2362 abeunt,
687 2306 946 2367 sedemque
973 2305 1116 2350 odere
1139 2304 1355 2367 Sibyllae.

154 2370 249 2416 Hic
276 2371 441 2419 tibine
467 2388 561 2434 qua
581 2389 727 2419 morae
747 2371 922 2418 suerint
947 2371 1198 2434 dispendia
1225 2371 1376 2424 tanti;

154 2437 384 2490 Quamvis
410 2438 698 2501 increpitent
725 2439 860 2494 socii,
885 2447 929 2485 et
956 2439 998 2484 vi
1020 2455 1186 2485 cursus
1208 2437 1252 2484 in
1274 2439 1423 2483 altum

153 2502 272 2549 Vela
298 2513 452 2560 vocet,
482 2506 733 2569 possisque
761 2506 888 2552 sinus
915 2505 1111 2568 implere
1137 2505 1375 2551 secundos
1398 2520 1409 2550 :
