1546 2686
106 84 164 125 8·ss
445 98 491 129 P.
531 95 773 131 VIRGILu
814 95 1061 131 MAnows
1095 84 1109 91 “

105 218 243 266 Unde
263 235 384 265 nova
408 215 641 280 ingressus
666 216 907 263 hominum
926 215 1209 279 experientia
1228 215 1359 279 cepit

169 285 337 332 Pastor
361 284 607 339 Aristaeus,
645 283 829 345 fugiens
856 283 1027 330 Peneia
1049 285 1241 345 Tempe,

102 351 315 408 Amissis,
356 360 408 398 ut
432 349 575 405 fama,
613 349 783 411 apibus
808 348 1071 410 morboque
1091 349 1329 410 fameque,

101 417 269 463 Tristis
294 417 354 464 ad
380 416 576 464 extremi
601 431 786 461 sacrum
810 423 956 475 caput
980 415 1163 462 adstitit
1185 414 1350 469 amnis,

102 484 261 530 Multa
285 500 483 547 querens
503 500 513 537 ;
552 492 693 543 atque
711 482 800 526 hac
816 479 987 526 affatus
1008 497 1125 528 voce
1145 490 1387 543 parentem
1405 515 1418 528 .

101 550 259 595 Mater
284 553 485 614 Cyrene,
524 557 687 601 mater,
726 562 833 608 quae
858 546 1050 608 gurgitis
1077 548 1222 608 hujus
1323 554 1414 596 321

100 615 200 662 Ima
219 625 366 673 tenes,
407 613 521 678 quid
549 630 618 658 me
636 614 863 674 praeclara
888 613 1033 674 stirpe
1053 615 1256 660 Deorum

99 682 167 739 (Si
195 682 354 737 modo,
393 697 532 743 quem
558 679 795 741 perhibes,
840 688 977 741 pater
1007 687 1082 725 est
1103 679 1420 742 Thymbraeus

99 748 309 795 Invisum
335 748 444 793 fatis
469 744 701 808 genuisti!
725 754 807 792 aut
831 762 926 808 quo
947 744 1031 790 tibi
1047 748 1189 791 nostri
1205 746 1424 809 [Apollo)

97 814 265 861 Pulsus
290 829 420 859 amor
438 814 457 860 ’ἒ
495 812 609 874 quid
631 827 703 857 me
724 812 894 859 coelum
911 810 1318 873 sperarejubebas
1337 813 1356 859 21

99 882 170 927 En
191 879 330 926 etiam
351 880 477 926 hunc
502 879 652 941 ipsum
679 878 785 924 vitae
811 878 1015 925 mortalis
1043 877 1288 933 honorem,

97 948 251 1002 Quem
270 946 384 993 mihi
401 946 477 992 vix
494 945 681 1005 frugum
707 953 754 990 et
772 944 1014 1008 pecudum
1038 943 1259 990 custodia
1276 943 1421 990 solers

98 1013 275 1060 Omnia
302 1011 501 1059 tentanti
526 1010 792 1067 extuderat,
831 1019 876 1058 te
901 1019 1065 1067 matre,
1105 1009 1338 1072 relinquo.

98 1079 225 1133 Quin
252 1095 352 1139 age,
391 1087 438 1124 et
463 1078 565 1140 ipsa
589 1093 732 1122 manu
757 1076 919 1125 felices
939 1094 1048 1124 erue
1076 1075 1214 1122 silvas
1236 1096 1248 1133 ;

102 1147 190 1193 Fer
215 1145 413 1191 stabulis
474 1143 716 1190 inimicum
773 1145 944 1206 ignem,
1003 1152 1149 1206 atque
1209 1143 1423 1192 interfice

232 1228 408 1257 messes
430 1228 442 1265 ;
1326 1219 1423 1259 3:30

96 1279 193 1324 Ure
217 1284 332 1333 sata,
370 1287 414 1323 et
441 1275 637 1322 validam
666 1275 710 1322 in
738 1275 854 1322 vites
879 1275 1040 1322 molire
1066 1275 1313 1338 bipennem
1342 1294 1353 1324 :

97 1346 253 1391 Tanta
281 1360 395 1390 meae
422 1343 525 1390 site
553 1350 785 1404 ceperunt
805 1343 945 1389 taedia
970 1343 1140 1388 laudiS.

163 1413 228 1456 At
249 1419 397 1456 mater
413 1410 620 1456 sonitum
648 1409 854 1454 thalamo
881 1410 969 1454 sub
997 1408 1200 1454 fluminis
1225 1409 1307 1455 alii

98 1476 278 1522 Sensit:
317 1493 420 1522 eam
447 1475 627 1521 circuni
656 1475 837 1521 Milesia
865 1476 1034 1521 vellera
1065 1476 1304 1537 Nymphae

98 1543 387 1604 Carpebant,
429 1542 551 1603 hyali
573 1551 731 1587 saturo
757 1541 914 1586 fucata
937 1540 1093 1587 colore
1115 1558 1126 1594 ;
1287 1543 1419 1604 [que,

97 1610 395 1671 Drymoque,
445 1608 750 1667 Xanthoque,
807 1607 1059 1666 Ligeaque,
1108 1607 1422 1668 Phyllodoce·

98 1675 349 1721 Caesariem
377 1672 538 1719 effusae
563 1672 758 1718 nitidam
788 1689 871 1734 per
898 1673 1100 1718 candida
1122 1674 1268 1727 colla;

98 1740 312 1796 *Nesaee,
352 1740 580 1802 Spioque,
618 1739 899 1800 Thaliaque,
938 1738 1355 1800 Cyriiodoceqtie,*

98 1807 428 1869 Cydippeque,
468 1814 516 1852 et
535 1805 652 1851 flava
678 1806 899 1867 Lycorias
921 1822 931 1859 3
971 1805 1115 1850 altera
1143 1805 1288 1867 virgo,

97 1874 260 1920 Altera
283 1884 381 1920 tum
404 1873 585 1935 primos
609 1872 801 1917 Lucinae
827 1879 1022 1932 experta
1046 1871 1230 1917 labores
1253 1889 1263 1925 ;
1326 1879 1421 1921 340

98 1939 317 2001 Clioque,
356 1948 401 1985 et
430 1940 575 1984 Beroe
601 1954 748 1993 soror,
788 1937 1095 1984 Oceanitides
1121 1938 1305 1991 ambae3

97 2007 266 2052 Ambae
292 2022 421 2059 aum,
461 2004 841 2067 pictisincinctae
869 2004 1070 2066 pellibus
1097 2005 1280 2058 ambae;

97 2074 255 2134 Atque
283 2072 486 2134 Ephyre,
525 2080 667 2132 atque
690 2071 824 2132 Opis,
862 2080 907 2117 et
934 2071 1045 2116 Asia
1071 2070 1332 2132 Deiopeia;

98 2140 160 2183 Et
181 2138 368 2184 tandem
396 2137 564 2199 positis
587 2137 720 2182 velox
750 2137 976 2183 Arethusa
995 2136 1189 2197 sagittis.

98 2204 227 2249 Inter
248 2221 363 2265 quas
384 2220 545 2249 curam
568 2203 791 2264 Clymene
816 2205 1035 2249 narrabat
1059 2203 1243 2249 inanem

102 2270 316 2324 Vulcani,
356 2270 620 2330 Martisque
645 2268 796 2324 dolos,
835 2279 882 2315 et
902 2269 1055 2315 ‹lulcia
1082 2269 1224 2326 furta,

98 2339 234 2398 Aque
262 2336 398 2383 Chao
425 2335 595 2381 densos
622 2335 798 2382 Divum
822 2337 1095 2381 numerabat
1120 2350 1319 2383 amores.

100 2403 316 2449 Carmine
342 2417 438 2463 quo
459 2410 633 2462 captae,
660 2402 768 2447 dum
795 2401 908 2448 fusis
936 2400 1097 2447 mollia
1123 2417 1269 2462 pensa

101 2468 392 2523 Devolvunt,
429 2467 597 2513 iterum
626 2476 855 2514 maternas
880 2467 1065 2530 impulit
1088 2483 1226 2512 aures

104 2535 280 2582 Luctus
308 2534 509 2591 Aristaei,
533 2534 784 2598 vitreisque
811 2534 1033 2582 sedilibus
1059 2549 1222 2584 omnes
1324 2540 1420 2584 350
