1586 2704
88 97 183 139 380
408 107 456 140 P.
495 106 745 142 v1RG1L11
787 107 1053 143 MARoms

88 221 277 268 Deserit
295 229 344 268 et
367 239 544 280 muros,
571 232 620 270 et
644 241 853 272 summas
871 224 1051 273 deserit
1068 240 1234 280 arces:

85 286 464 351 Praecipitatque
475 305 631 336 moras
642 307 802 337 omnes
818 308 829 345 3
857 307 1001 354 opera
1011 291 1169 339 omnia
1187 291 1382 354 rumpit,

85 351 274 399 Laetitia
297 356 534 412 exultans,
559 357 945 420 horrendumque
969 358 1152 404 intonat
1167 358 1340 404 armis:

86 419 307 474 Quantus
325 423 499 479 Athos,
516 431 817 486 autquantus
834 425 978 486 Eryx,
998 424 1207 487 autipse,
1220 441 1384 472 corus-

214 487 280 533 cis
1284 498 1377 546 701

86 550 210 598 Cum
227 553 387 600 fremit
401 555 592 603 ilicibus
604 564 831 618 quantus,
851 556 1126 618 gaudetque
1143 558 1285 604 nivali

82 618 278 667 Vertice
296 638 348 668 se
366 623 588 668 attollens
610 629 749 684 pater
764 623 1040 683 Apenninus
1055 625 1114 672 ad
1140 639 1301 672 auras.

146 686 175 732 J
179 701 253 732 am
273 686 383 734 vero
404 696 452 734 et
466 688 631 734 Rutuli
648 689 881 744 certatim,
901 697 955 737 et
965 690 1136 747 Troes,
1157 698 1381 739 etomnes

81 751 373 800 Convertere
392 755 561 801 oculos
587 755 711 815 Itali,
737 755 915 818 quique
935 757 1033 803 alta
1056 757 1283 805 tenebant

80 815 277 874 Moenia,
293 820 471 883 quique
488 821 608 867 imos
623 822 881 884 pulsabant
896 823 1037 869 ariete
1056 840 1216 870 muros
1235 840 1246 870 :

79 887 323 948 Armaque
339 887 607 951 deposuere
626 889 848 935 humeris,
868 890 1037 951 Stupet
1052 890 1149 950 ipse
1165 889 1378 947 LatinuS,

80 950 319 1013 Ingentes,
346 955 532 1016 genitos
557 954 755 1002 diversis
781 956 998 1017 partibus
1023 957 1171 1014 orbis,

78 1017 210 1065 Inter
228 1035 275 1065 se
299 1020 470 1068 coiisse
493 1021 636 1078 viros,
662 1031 708 1068 et
726 1039 918 1070 cernere
943 1025 1086 1071 ferro,

78 1085 241 1147 Atque
257 1086 340 1144 illi,
359 1095 412 1134 ut
429 1105 584 1135 vacuo
600 1096 856 1150 patuerunt
873 1106 1065 1152 aequore
1084 1090 1256 1154 campi,
1285 1099 1383 1148 710

77 1150 317 1199 Procursu
332 1155 503 1217 rapido
520 1155 751 1216 conjectis
772 1156 954 1203 eminus
977 1157 1140 1213 hastis,

76 1216 315 1265 Invadunt
333 1222 539 1266 Martem
565 1222 744 1284 clypeis
768 1231 913 1284 atque
931 1240 1021 1270 aere
1046 1240 1238 1270 sonoro.

78 1283 175 1331 Dat
199 1286 430 1347 gemitum
447 1288 615 1334 tellus:
645 1298 741 1334 tum
764 1291 956 1336 crebros
981 1291 1174 1337 ensibus
1190 1291 1312 1338 ictus

77 1349 445 1414 Congeminant.
484 1355 596 1401 Fors
623 1364 671 1401 et
691 1355 837 1401 virtus
862 1355 1121 1403 miscentur
1144 1356 1191 1403 in
1219 1374 1382 1405 unum.

76 1418 150 1463 Ac
177 1418 302 1465 velut
317 1419 493 1483 ingenti
518 1421 628 1478 Sila,
651 1438 896 1468 summove
915 1423 1170 1480 Taburno,

77 1483 201 1531 Cum
227 1486 322 1532 duo
349 1488 590 1534 conversis
607 1488 796 1535 inimica
815 1489 861 1535 iu
880 1490 1047 1552 praelia
1071 1490 1194 1537 tauri

75 1549 331 1599 Frontibus
350 1554 612 1610 incurrunt,
637 1556 995 1616 pavidicessere
1012 1556 1249 1620 magistri;
1266 1558 1377 1621 [cae,

75 1617 183 1665 Stat
205 1635 353 1682 pecus
371 1637 511 1667 omne
527 1629 655 1667 metu
672 1630 870 1679 mutum,
896 1624 1225 1686 mussantquej
1235 1641 1377 1672 uven-

76 1684 196 1738 Quis
223 1688 405 1733 nemori
430 1688 691 1751 imperitet,
728 1705 872 1752 quem
913 1697 1017 1737 tota
1057 1699 1270 1738 armenta
1303 1709 1375 1739 se-

207 1762 438 1813 quantun

71 1815 145 1862 Illi
163 1816 286 1866 inter
310 1836 411 1867 sese
434 1821 580 1868 multa
606 1821 651 1868 vi
673 1822 866 1869 vulnera
891 1823 1109 1881 miscent,
1275 1832 1374 1880 720

72 1885 361 1950 Cornuaque
385 1888 546 1934 obnixi
567 1887 785 1950 infigunt,
811 1898 859 1936 et
880 1890 1108 1952 sanguine
1132 1890 1264 1953 largo

70 1950 206 1997 Colla
221 1969 475 2017 armosque
490 1955 674 2010 lavant;
691 1955 870 2016 gemitu
886 1973 1049 2003 nemus
1062 1973 1202 2006 omne
1216 1973 1372 2005 remu-

70 2017 210 2063 Haud
224 2019 361 2067 aliter
375 2023 499 2068 Tros
511 2023 683 2069 AEneas
699 2031 745 2068 et
758 2022 972 2069 Daunius
990 2023 1128 2071 heros
1262 2025 1369 2088 [gitz

71 2083 582 2151 Conc'urruntclypeis.
597 2090 769 2151 Ingens
781 2088 941 2152 fragor
951 2092 1131 2138 aethera
1141 2093 1368 2154 complet.

131 2151 320 2211 Jupiter
345 2154 448 2218 ipse
467 2155 587 2201 duas
613 2163 803 2218 aequato
822 2157 1035 2204 examine
1058 2158 1217 2204 lances

69 2215 292 2275 Sustinet,
314 2229 362 2266 et
383 2221 480 2268 fata
507 2222 708 2284 imponit
730 2221 914 2270 diversa
931 2223 1158 2278 duorum3

69 2283 224 2336 Quem
251 2285 611 2345 damnetlabor‚
632 2296 680 2335 et
700 2306 794 2351 quo
806 2298 974 2352 vergat
984 2290 1363 2352 pondereletum.

66 2349 254 2397 Emicat
278 2352 374 2409 hie,
393 2355 590 2418 impune.
608 2363 800 2417 putans,
827 2364 876 2403 et
893 2373 1096 2418 corpore
1114 2365 1219 2404 toto

65 2417 173 2463 Alte
199 2419 437 2466 sublatum
464 2422 711 2483 consurgit
733 2423 928 2470 Turnus
950 2424 997 2469 in
1021 2439 1200 2481 ensem,
1269 2433 1366 2483 729

65 2482 125 2528 Et
149 2482 268 2532 ferit.
335 2487 619 2535 Exclamant
640 2489 813 2542 Troes,
835 2489 1103 2553 trepidique
1121 2490 1291 2549 Latini,

65 2551 372 2617 Arrectaeque
391 2555 638 2603 amborum
656 2555 802 2606 acieS.
870 2561 933 2604 At
955 2556 1170 2620 perfidus
1195 2559 1317 2605 ensis
