1607 2700
206 87 303 130 254
537 93 583 125 Ρ.
623 91 861 125 vrucrmi
904 90 1168 125 MARoxrs

204 210 442 260 Floruerit
466 217 588 258 terra
612 211 738 257 alma
762 211 893 268 viris,
921 211 1096 274 quibus
1120 209 1285 257 arserit
1309 212 1468 259 armis.

207 279 267 326 Et
294 278 571 325 meministis
596 277 736 334 enirn,
762 278 914 332 Divae,
941 286 988 325 et
1013 293 1269 324 memorare
1290 280 1512 339 potestis·

203 345 280 392 Ad
306 361 391 391 nos
411 344 489 390 vix
513 344 670 392 tenuis
697 343 837 391 famae
863 345 1126 406 perlabitur
1150 360 1284 390 aura.

207 421 209 423 '
270 411 452 457 Primus
479 410 565 457 init
591 411 765 458 bellum
792 410 1055 472 Tyrrhenis
1079 427 1218 473 asper
1236 411 1297 457 ab
1323 410 1416 458 oris

204 477 487 524 Contemtor
513 476 695 523 Divum
721 476 1009 533 MezentiuS‚
1036 479 1318 539 agminaque
1344 486 1513 525 armat.

204 543 346 590 Filius
371 541 639 603 huicjuxta
655 544 872 589 Lausus:
911 560 1008 604 quo
1032 545 1276 604 pulchrior
1298 545 1418 590 alter

201 611 313 657 Non
338 609 444 665 fuit,
472 617 679 670 excepto
701 609 951 655 Laurentis
979 626 1179 671 corpore
1197 611 1378 657 Turni:
1417 609 1514 658 650

202 677 385 723 Lausus
410 679 587 737 equam
616 675 842 734 domitor,
869 675 1228 737 debellatorque
1250 677 1475 733 ferarum,

202 743 353 789 Ducit
379 742 601 818 Agyllina
627 741 946 816 nequicquam
971 759 1029 788 ex
1055 743 1171 788 urbe
1192 752 1381 789 secutos

201 810 335 856 Mille
361 811 513 863 viros;
553 809 725 871 dignus
753 809 917 869 patriis
944 808 1025 871 qui
1051 808 1204 854 laetior
1227 819 1350 855 esset

200 876 415 937 Imperii
400 901 432 928 ‚
452 883 501 922 et
525 876 601 921 cui
606 847 767 938 ²:pater
788 875 916 921 haud
945 875 1215 921 Mezentius
1241 883 1380 922 esset.

268 944 379 989 Post
408 942 527 988 hos
519 943 750 1006 msignem
777 942 936 1003 palma
961 958 1044 1003 per
1070 941 1279 999 oramina
1302 958 1511 998 currum,

199 1009 514 1072 Victoresque
532 1016 744 1057 ostentat
759 1025 926 1069 equos,
941 1016 1069 1054 satus
1090 1008 1295 1055 Hercule
1308 1009 1513 1072 pulchro

200 1076 407 1122 Pulcher
424 1078 716 1129 Aventinus3
736 1075 1020 1137 clypeoque,
1042 1075 1222 1137 insigne
1239 1086 1508 1137 paternum,

199 1143 404 1189 Centum
421 1159 614 1205 angues,
637 1142 942 1204 cinctamque
968 1142 1090 1204 gerit
1110 1143 1408 1204 serpentibus
1431 1143 1514 1204 hy-

201 1210 344 1256 Collis
367 1210 592 1256 Aventini
618 1210 733 1256 silva
761 1225 899 1269 quem
927 1209 1064 1255 Rhea
1089 1209 1311 1255 sacerdos
1338 1209 1511 1271 [drani.

200 1276 444 1322 Furtivum
470 1286 611 1338 partu
638 1276 728 1322 sub
748 1275 934 1321 luminis
960 1275 1112 1321 edidit
1138 1291 1261 1331 oras»,
1414 1274 1510 1323 660

198 1342 357 1389 Mixta
383 1344 488 1389 Deo
516 1343 709 1396 mulier;
737 1342 995 1403 postquam
1016 1342 1271 1388 Laurentia
1295 1342 1447 1389 victor

198 1411 424 1473 Geryone
450 1410 663 1456 extincto
690 1408 967 1470 Tirynthius
993 1408 1148 1470 attigit
1172 1425 1301 1464 arva,

198 1475 551 1538 Tyrrhenoque
570 1478 718 1524 boves
743 1476 790 1521 in
816 1474 1005 1521 flumine
1030 1475 1142 1521 lavit
1166 1476 1345 1522 Iberas.

201 1541 295 1588 Pila
320 1559 463 1589 manu
507 1559 755 1604 saevosque
780 1551 951 1603 gerunt
976 1542 1021 1587 in
1047 1542 1172 1589 bella
1196 1542 1396 1588 dolones
1418 1558 1430 1596 ;

202 1609 258 1654 Et
282 1610 418 1656 tereti
439 1617 654 1672 pugnant
679 1623 920 1663 mucrone,
948 1625 1157 1670 veruque
1184 1609 1393 1655 Sabello.

198 1674 303 1735 Ipse
329 1676 688 1738 pedes,tegmen
714 1684 941 1736 torquens
967 1674 1174 1723 immane
1198 1676 1359 1731 leonis,

195 1741 422 1788 Terribili
444 1743 682 1804 impexum
710 1741 824 1796 seta,
852 1757 962 1786 cum
988 1741 1214 1789 dentibus
1238 1742 1376 1797 albis,

197 1808 399 1855 indutus
427 1809 603 1871 capiti3
644 1809 713 1855 sic
738 1807 866 1869 regia
891 1816 1020 1854 tecta
1046 1809 1238 1855 subibat

197 1876 453 1932 Horridus,
483 1876 817 1936 Herculeoque
844 1874 1064 1922 humeros
1088 1877 1288 1922 innexus
1313 1874 1506 1921 amictu.

261 1942 388 1988 Tum
415 1942 589 2004 gemini
614 1941 779 1989 fratres
804 1939 1028 1989 Tiburtia
1053 1943 1227 1990 moeuia
1250 1941 1483 2003 linquunt,

197 2009 372 2055 Fratris
397 2009 588 2056 Tiburti
608 2009 784 2056 dictam
811 2010 1091 2071 cognomine
1116 2017 1319 2072 gentem,
1412 2006 1505 2063 671

197 2075 510 2138 Catillusque,
537 2092 741 2138 acerque
767 2077 930 2132 Coras,
958 2078 1132 2138 Argiva
1150 2076 1407 2138 Juvent1183

198 2142 259 2187 Et
279 2142 475 2203 primam
502 2151 609 2189 ante
634 2143 786 2189 aciem
813 2141 963 2190 densa
987 2143 1106 2190 inter
1132 2143 1227 2189 tela
1252 2141 1485 2187 feruntur.

197 2208 298 2254 Ceu
326 2208 424 2254 duo
446 2209 698 2271 nubigenae
723 2209 833 2257 curn
856 2211 1035 2257 vertice
1062 2209 1232 2256 montis
1259 2208 1319 2253 ab
1345 2208 1443 2254 alto

198 2274 512 2322 Descendunt
539 2277 781 2336 Centauri,
823 2278 1066 2324 Homolen
1107 2276 1412 2338 Othrquue
1441 2275 1488 2321 ni

330 2345 483 2388 valem

199 2408 492 2470 Linquentes
518 2425 658 2457 cursu
683 2410 886 2472 rapido:
924 2410 1010 2457 dat
1033 2409 1252 2456 euntibus
1278 2423 1442 2470 ingens

198 2475 327 2521 Silva
353 2476 532 2531 locuni,
559 2486 605 2522 et
626 2493 796 2539 magno
823 2477 1000 2524 cedunt
1021 2476 1229 2540 virgulta
1252 2474 1455 2538 fragore.

267 2543 368 2589 Nec
399 2544 701 2590 Praenestinae
722 2543 951 2591 fundator
974 2541 1125 2590 defuit
1148 2542 1275 2589 urbis
1296 2561 1310 2603 3
