1546 2686
551 63 810 99 AEnmnos
845 64 951 98 mn.
994 64 1032 97 1.
1387 59 1450 108 97

190 186 330 233 Talia
354 183 594 231 flammato
621 197 781 228 secum
811 183 912 228 Dea
939 184 1084 230 corde
1111 183 1343 238 volutans,
1389 190 1451 230 50

128 252 411 300 Nimborum
439 250 483 295 in
508 249 726 311 patriam,
765 248 873 294 loca
897 247 1008 295 foeta
1034 249 1300 296 furentibus
1327 252 1451 295 Aus-

128 319 328 366 AEoliam
352 316 495 362 venit.
567 315 659 361 Hic
679 322 813 360 vasto
837 331 917 360 rex
945 316 1107 362 AEolus
1133 325 1269 361 antro
1327 317 1448 378 [tris‚

128 387 384 432 Laetantes
409 390 574 428 ventos
618 389 1019 444 tempestatesque
1046 397 1238 428 sonoras

127 450 332 510 Imperio
358 448 542 510 premit,
569 463 625 494 ac
650 446 812 492 vinclis
836 456 884 493 et
908 464 1096 495 carcere
1121 447 1306 493 fraenat.

127 517 199 563 Illi
225 515 523 577 indignantes
547 529 716 575 magno
743 529 851 559 cum
879 530 1118 561 murmure
1144 513 1317 560 montis

126 582 321 630 Circum
343 582 548 628 claustra
568 580 788 626 fremunt.
828 580 969 627 Celsa
987 581 1122 628 sedet
1143 580 1304 626 AEolus
1321 595 1446 635 arce,

124 651 323 711 Sceptra
349 657 544 703 tenens3
590 645 839 707 mollitque
880 647 1081 703 animos,
1124 654 1170 695 et
1212 653 1447 709 temperat

255 731 364 761 iras.

124 781 187 827 Ni
215 781 370 836 faciat,
399 779 542 826 maria
568 795 625 825 ac
653 787 796 825 terras
818 781 1088 843 coelumque
1114 778 1402 841 profundum

123 847 317 910 Quippe
335 847 485 893 ferant
504 846 655 908 rapidi
677 862 855 902 secum,
879 856 1160 908 verrantque
1187 862 1268 906 per
1292 861 1444 892 auras,

123 913 217 960 Sed
239 922 374 976 pater
398 913 700 974 omnipotens
733 913 974 974 speluncis
1009 913 1193 959 abdidit
1218 913 1344 966 θυῖε,
1384 911 1447 958 60

124 982 231 1029 Hoc
251 989 465 1027 metuens
485 996 496 1033 ;
535 979 803 1039 molemque
824 989 874 1026 et
899 988 1082 1026 montes
1104 980 1297 1039 insuper
1320 979 1441 1025 altos

122 1046 386 1109 Imposuit;
425 1061 679 1107 regemque
704 1044 853 1102 dedit,
882 1046 962 1108 qui
987 1045 1160 1093 foedere
1182 1054 1315 1092 certo

122 1113 179 1159 Et
211 1130 442 1175 premere,
469 1121 517 1158 et
540 1111 670 1157 laxas
697 1110 836 1158 sciret
865 1112 1158 1173 darejussus
1185 1112 1409 1158 habenas.

122 1179 198 1225 Ad
220 1197 359 1242 quem
394 1189 493 1226 tum
519 1180 643 1225 Juno
669 1177 873 1239 supplex
900 1178 970 1225 his
996 1178 1191 1225 vocibus
1219 1194 1301 1224 usa
1342 1188 1444 1225 est:

122 1246 270 1303 AEole,
310 1262 513 1307 namque
540 1244 623 1290 tibi
651 1243 825 1290 Divum
849 1253 985 1308 pater
1009 1254 1154 1307 atque
1201 1245 1445 1292 hominum

122 1312 183 1357 Et
209 1314 417 1359 mulcere
443 1311 573 1357 dedit
600 1310 793 1366 fluctus,
820 1320 868 1358 et
894 1312 1054 1358 tollere
1081 1319 1240 1366 vent0,
1345 1313 1444 1374 [rex

123 1378 257 1424 Gens
283 1379 470 1425 inimica
496 1377 606 1423 mihi
631 1376 931 1438 Tyrrhenum
958 1378 1151 1439 navigat
1175 1394 1356 1439 aequor,

121 1443 261 1491 Ilium
288 1445 332 1491 in
363 1444 542 1490 ltaliam
569 1452 781 1505 portam,
821 1445 1070 1507 victosque
1098 1446 1312 1490 Penates.

120 1511 289 1558 lncute
316 1511 406 1556 vim
434 1510 603 1565 ventis,
632 1509 992 1572 submersasque
1018 1512 1166 1557 obrue
1193 1527 1375 1573 puppes
1398 1530 1408 1559 :

118 1579 218 1624 Aut
243 1595 329 1640 age
354 1577 581 1630 diversos,
606 1583 653 1621 et
677 1574 844 1635 disjice
870 1592 1076 1640 corpora
1102 1586 1266 1640 ponto.
1382 1586 1444 1632 70

119 1645 237 1691 Sunt
255 1643 369 1690 milii
397 1643 465 1689 bis
489 1650 668 1704 septem
691 1644 933 1702 praestanti
951 1660 1148 1707 corpore
1170 1645 1407 1707 Nymphae
1427 1683 1439 1694 .

117 1711 346 1766 Quarum,
373 1726 481 1771 quae
501 1709 648 1754 forma
675 1708 1004 1770 pulcherrima,
1033 1713 1309 1771 Deiopeiam

117 1777 371 1824 Connubio
389 1776 592 1838 jungam
617 1774 790 1831 stabili,
819 1778 1159 1839 propriamque
1185 1778 1359 1824 dicabo
1380 1793 1391 1823 ε

117 1843 295 1890 Omnes
317 1851 367 1890 ut
393 1853 552 1890 tecum
571 1841 746 1887 meritis
773 1857 858 1903 pro
885 1843 1060 1891 talibus
1080 1859 1232 1889 annos

116 1909 298 1973 Exigat,
326 1918 374 1956 et
397 1909 598 1971 pulchra
622 1907 766 1954 faciat
791 1917 836 1955 te
863 1911 994 1970 prole
1021 1918 1285 1972 parentem.

180 1979 344 2024 AEolus
371 1977 473 2022 haec
498 1972 691 2020 contra:
728 1974 879 2030 Tuus,
899 1981 927 2024 ὀ
948 1979 1119 2038 regina,
1143 1976 1256 2038 quid
1284 1985 1439 2038 opteS‚

115 2043 370 2105 Explorare
398 2043 559 2094 labor;
599 2040 710 2086 mihi
728 2041 865 2102 jussa
892 2058 1141 2105 capessere
1168 2042 1239 2087 sas
1260 2054 1349 2089 est.

113 2109 193 2156 Tu
223 2109 336 2156 milii
377 2107 702 2171 quodcunque
743 2109 834 2156 ltoc
873 2111 1021 2173 regni,
1049 2119 1100 2157 tu
1125 2119 1330 2172 sceptra.
1356 2111 1439 2158 Jo-

245 2193 445 2239 vemque

115 2242 386 2299 Concilias;
426 2250 474 2288 tu
501 2240 588 2287 das
608 2241 756 2301 epulis
783 2245 1068 2292 accumbere
1095 2244 1288 2298 Divum,

114 2309 492 2370 Nimborumque
519 2307 632 2353 facis
657 2317 1088 2373 tempestatumque
1116 2319 1372 2372 potentem.

180 2375 298 2421 Haec
324 2375 405 2421 ubi
447 2373 592 2430 dicta,
618 2389 786 2422 cavum
812 2379 1040 2424 conversa
1067 2377 1265 2439 cuspide
1309 2395 1440 2424 mon-

245 2450 335 2488 tem
1377 2451 1432 2493 81

111 2506 303 2571 Impulit
331 2507 373 2553 in
394 2506 516 2553 latus
539 2521 552 2558 ς
588 2521 644 2552 ac
667 2506 808 2564 venti,
848 2509 977 2557 velut
1001 2509 1185 2571 agmine
1207 2507 1354 2566 sacto,

663 2573 821 2649 cst·
