<?xml version="1.0" encoding="UTF-8"?>
<!DOCTYPE html PUBLIC "-//W3C//DTD XHTML 1.0 Transitional//EN"
    "http://www.w3.org/TR/xhtml1/DTD/xhtml1-transitional.dtd">
<html xmlns="http://www.w3.org/1999/xhtml" xml:lang="en" lang="en">
 <head>
  <title>
</title>
<meta http-equiv="Content-Type" content="text/html;charset=utf-8" />
  <meta name='ocr-system' content='tesseract 3.04.00' />
  <meta name='ocr-capabilities' content='ocr_page ocr_carea ocr_par ocr_line ocrx_word'/>
</head>
<body>
  <div class='ocr_page' id='page_1' title='image "./operaadfidemopti00virguoft/operaadfidemopti00virguoft_0119.png"; bbox 0 0 1602 2708; ppageno 0'>
   <div class='ocr_carea' id='block_1_1' title="bbox 602 88 1498 139">
    <p class='ocr_par' dir='ltr' id='par_1_1' title="bbox 602 88 1498 139">
     <span class='ocr_line' id='line_1_1' title="bbox 602 88 1498 139; baseline 0.004 -12"><span class='ocrx_word' id='word_1_1' title='bbox 602 93 845 139; x_wconf 59' lang='lat' dir='ltr'>AEzqffloos</span> <span class='ocrx_word' id='word_1_2' title='bbox 875 97 987 131; x_wconf 74' lang='lat' dir='ltr'>mn.</span> <span class='ocrx_word' id='word_1_3' title='bbox 1027 98 1063 131; x_wconf 88' lang='lat'>1.</span> <span class='ocrx_word' id='word_1_4' title='bbox 1408 88 1498 131; x_wconf 88' lang='lat'>115</span> 
     </span>
    </p>
   </div>
   <div class='ocr_carea' id='block_1_2' title="bbox 165 213 1501 2603">
    <p class='ocr_par' dir='ltr' id='par_1_2' title="bbox 170 213 1296 276">
     <span class='ocr_line' id='line_1_2' title="bbox 170 213 1296 276; baseline -0.002 -12"><span class='ocrx_word' id='word_1_5' title='bbox 170 217 296 264; x_wconf 86' lang='lat' dir='ltr'>Nota</span> <span class='ocrx_word' id='word_1_6' title='bbox 323 214 439 268; x_wconf 82' lang='lat' dir='ltr'>tihi;</span> <span class='ocrx_word' id='word_1_7' title='bbox 477 221 523 260; x_wconf 93' lang='lat' dir='ltr'>et</span> <span class='ocrx_word' id='word_1_8' title='bbox 549 221 712 260; x_wconf 87' lang='lat' dir='ltr'>nostro</span> <span class='ocrx_word' id='word_1_9' title='bbox 737 213 930 259; x_wconf 80' lang='lat' dir='ltr'>doluisti</span> <span class='ocrx_word' id='word_1_10' title='bbox 963 230 1091 276; x_wconf 79' lang='lat' dir='ltr'>saepe</span> <span class='ocrx_word' id='word_1_11' title='bbox 1118 213 1296 262; x_wconf 85' lang='lat' dir='ltr'>dolore.</span> 
     </span>
    </p>

    <p class='ocr_par' dir='ltr' id='par_1_3' title="bbox 170 279 1440 341">
     <span class='ocr_line' id='line_1_3' title="bbox 170 279 1440 341; baseline -0.002 -12"><span class='ocrx_word' id='word_1_12' title='bbox 170 284 314 329; x_wconf 88' lang='lat' dir='ltr'>Hunc</span> <span class='ocrx_word' id='word_1_13' title='bbox 334 280 574 328; x_wconf 77' lang='lat' dir='ltr'>Phoenissa</span> <span class='ocrx_word' id='word_1_14' title='bbox 600 288 727 327; x_wconf 85' lang='lat' dir='ltr'>tenet</span> <span class='ocrx_word' id='word_1_15' title='bbox 750 279 892 336; x_wconf 90' lang='lat' dir='ltr'>Dido,</span> <span class='ocrx_word' id='word_1_16' title='bbox 920 280 1203 341; x_wconf 78' lang='lat' dir='ltr'>blandisque</span> <span class='ocrx_word' id='word_1_17' title='bbox 1230 287 1440 327; x_wconf 89' lang='lat' dir='ltr'>moratur</span> 
     </span>
    </p>

    <p class='ocr_par' dir='ltr' id='par_1_4' title="bbox 169 345 1492 408">
     <span class='ocr_line' id='line_1_4' title="bbox 169 345 1492 408; baseline -0.001 -14"><span class='ocrx_word' id='word_1_18' title='bbox 169 348 409 395; x_wconf 82' lang='lat' dir='ltr'>Vocibus:</span> <span class='ocrx_word' id='word_1_19' title='bbox 448 356 494 393; x_wconf 89' lang='lat' dir='ltr'>et</span> <span class='ocrx_word' id='word_1_20' title='bbox 522 363 698 401; x_wconf 82' lang='lat' dir='ltr'>vereor,</span> <span class='ocrx_word' id='word_1_21' title='bbox 728 346 825 408; x_wconf 74' lang='lat' dir='ltr'>quo</span> <span class='ocrx_word' id='word_1_22' title='bbox 852 363 898 391; x_wconf 88' lang='lat' dir='ltr'>se</span> <span class='ocrx_word' id='word_1_23' title='bbox 922 347 1120 393; x_wconf 88' lang='lat' dir='ltr'>Junonia</span> <span class='ocrx_word' id='word_1_24' title='bbox 1150 357 1335 395; x_wconf 84' lang='lat' dir='ltr'>vertant</span> <span class='ocrx_word' id='word_1_25' title='bbox 1401 345 1492 401; x_wconf 84' lang='lat'>671</span> 
     </span>
    </p>

    <p class='ocr_par' dir='ltr' id='par_1_5' title="bbox 169 411 1364 475">
     <span class='ocr_line' id='line_1_5' title="bbox 169 411 1364 475; baseline -0.003 -14"><span class='ocrx_word' id='word_1_26' title='bbox 169 414 412 475; x_wconf 78' lang='lat' dir='ltr'>Hospitia:</span> <span class='ocrx_word' id='word_1_27' title='bbox 451 413 573 459; x_wconf 80' lang='lat' dir='ltr'>haud</span> <span class='ocrx_word' id='word_1_28' title='bbox 597 421 732 458; x_wconf 86' lang='lat' dir='ltr'>tanto</span> <span class='ocrx_word' id='word_1_29' title='bbox 758 413 961 459; x_wconf 80' lang='lat' dir='ltr'>cessabit</span> <span class='ocrx_word' id='word_1_30' title='bbox 978 411 1170 458; x_wconf 89' lang='lat' dir='ltr'>cardine</span> <span class='ocrx_word' id='word_1_31' title='bbox 1194 429 1364 460; x_wconf 86' lang='lat' dir='ltr'>rerum.</span> 
     </span>
    </p>

    <p class='ocr_par' dir='ltr' id='par_1_6' title="bbox 170 478 1411 540">
     <span class='ocr_line' id='line_1_6' title="bbox 170 478 1411 540; baseline -0.001 -15"><span class='ocrx_word' id='word_1_32' title='bbox 170 480 412 533; x_wconf 85' lang='lat' dir='ltr'>Quocirca</span> <span class='ocrx_word' id='word_1_33' title='bbox 437 495 607 540; x_wconf 83' lang='lat' dir='ltr'>capere</span> <span class='ocrx_word' id='word_1_34' title='bbox 633 480 742 525; x_wconf 77' lang='lat' dir='ltr'>ante</span> <span class='ocrx_word' id='word_1_35' title='bbox 768 479 905 534; x_wconf 85' lang='lat' dir='ltr'>dolis,</span> <span class='ocrx_word' id='word_1_36' title='bbox 933 487 980 524; x_wconf 90' lang='lat' dir='ltr'>et</span> <span class='ocrx_word' id='word_1_37' title='bbox 1005 478 1192 539; x_wconf 80' lang='lat' dir='ltr'>cingere</span> <span class='ocrx_word' id='word_1_38' title='bbox 1218 478 1411 525; x_wconf 62' lang='lat' dir='ltr'>flamma</span> 
     </span>
    </p>

    <p class='ocr_par' dir='ltr' id='par_1_7' title="bbox 169 546 1365 607">
     <span class='ocr_line' id='line_1_7' title="bbox 169 546 1365 607; baseline 0.001 -15"><span class='ocrx_word' id='word_1_39' title='bbox 169 546 396 605; x_wconf 83' lang='lat' dir='ltr'>Reginam</span> <span class='ocrx_word' id='word_1_40' title='bbox 423 546 653 601; x_wconf 89' lang='lat' dir='ltr'>medit0r;</span> <span class='ocrx_word' id='word_1_41' title='bbox 690 562 747 592; x_wconf 91' lang='lat' dir='ltr'>ne</span> <span class='ocrx_word' id='word_1_42' title='bbox 772 562 868 607; x_wconf 89' lang='lat' dir='ltr'>quo</span> <span class='ocrx_word' id='word_1_43' title='bbox 894 561 942 591; x_wconf 92' lang='lat' dir='ltr'>se</span> <span class='ocrx_word' id='word_1_44' title='bbox 968 547 1158 591; x_wconf 88' lang='lat' dir='ltr'>numine</span> <span class='ocrx_word' id='word_1_45' title='bbox 1180 554 1365 600; x_wconf 83' lang='lat' dir='ltr'>mutet;</span> 
     </span>
    </p>

    <p class='ocr_par' dir='ltr' id='par_1_8' title="bbox 169 611 1300 674">
     <span class='ocr_line' id='line_1_8' title="bbox 169 611 1300 674; baseline 0.002 -17"><span class='ocrx_word' id='word_1_46' title='bbox 169 611 262 658; x_wconf 86' lang='lat' dir='ltr'>Sed</span> <span class='ocrx_word' id='word_1_47' title='bbox 289 628 463 674; x_wconf 87' lang='lat' dir='ltr'>magno</span> <span class='ocrx_word' id='word_1_48' title='bbox 488 613 651 659; x_wconf 84' lang='lat' dir='ltr'>AEneae</span> <span class='ocrx_word' id='word_1_49' title='bbox 674 628 863 658; x_wconf 86' lang='lat' dir='ltr'>mecum</span> <span class='ocrx_word' id='word_1_50' title='bbox 889 618 1107 658; x_wconf 89' lang='lat' dir='ltr'>teneatur</span> <span class='ocrx_word' id='word_1_51' title='bbox 1122 627 1300 659; x_wconf 89' lang='lat' dir='ltr'>amore.</span> 
     </span>
    </p>

    <p class='ocr_par' dir='ltr' id='par_1_9' title="bbox 168 677 1499 740">
     <span class='ocr_line' id='line_1_9' title="bbox 168 677 1499 740; baseline 0.003 -16"><span class='ocrx_word' id='word_1_52' title='bbox 168 677 278 732; x_wconf 73' lang='lat' dir='ltr'>Qua</span> <span class='ocrx_word' id='word_1_53' title='bbox 295 678 448 725; x_wconf 83' lang='lat' dir='ltr'>facere</span> <span class='ocrx_word' id='word_1_54' title='bbox 464 678 511 725; x_wconf 93' lang='lat' dir='ltr'>id</span> <span class='ocrx_word' id='word_1_55' title='bbox 527 678 700 740; x_wconf 80' lang='lat' dir='ltr'>possis,</span> <span class='ocrx_word' id='word_1_56' title='bbox 718 686 926 724; x_wconf 78' lang='lat' dir='ltr'>nostram</span> <span class='ocrx_word' id='word_1_57' title='bbox 943 695 1070 724; x_wconf 90' lang='lat' dir='ltr'>nunc</span> <span class='ocrx_word' id='word_1_58' title='bbox 1087 677 1255 740; x_wconf 83' lang='lat' dir='ltr'>accipe</span> <span class='ocrx_word' id='word_1_59' title='bbox 1272 687 1499 728; x_wconf 89' lang='lat' dir='ltr'>mentem.</span> 
     </span>
    </p>

    <p class='ocr_par' dir='ltr' id='par_1_10' title="bbox 167 743 1199 806">
     <span class='ocr_line' id='line_1_10' title="bbox 167 743 1199 806; baseline 0 -17"><span class='ocrx_word' id='word_1_60' title='bbox 167 743 362 806; x_wconf 81' lang='lat' dir='ltr'>Regius,</span> <span class='ocrx_word' id='word_1_61' title='bbox 389 745 549 792; x_wconf 85' lang='lat' dir='ltr'>accitu</span> <span class='ocrx_word' id='word_1_62' title='bbox 577 745 672 791; x_wconf 78' lang='lat' dir='ltr'>cari</span> <span class='ocrx_word' id='word_1_63' title='bbox 692 744 932 806; x_wconf 78' lang='lat' dir='ltr'>genitoriS,</span> <span class='ocrx_word' id='word_1_64' title='bbox 956 746 1012 790; x_wconf 87' lang='lat' dir='ltr'>ad</span> <span class='ocrx_word' id='word_1_65' title='bbox 1036 744 1199 790; x_wconf 79' lang='lat' dir='ltr'>urbem</span> 
     </span>
    </p>

    <p class='ocr_par' dir='ltr' id='par_1_11' title="bbox 168 810 1332 874">
     <span class='ocr_line' id='line_1_11' title="bbox 168 810 1332 874; baseline 0.001 -18"><span class='ocrx_word' id='word_1_66' title='bbox 168 810 405 856; x_wconf 83' lang='lat' dir='ltr'>Sidoniam</span> <span class='ocrx_word' id='word_1_67' title='bbox 433 828 555 874; x_wconf 89' lang='lat' dir='ltr'>puer</span> <span class='ocrx_word' id='word_1_68' title='bbox 579 813 645 858; x_wconf 91' lang='lat' dir='ltr'>ire</span> <span class='ocrx_word' id='word_1_69' title='bbox 672 818 823 872; x_wconf 86' lang='lat' dir='ltr'>parat,</span> <span class='ocrx_word' id='word_1_70' title='bbox 852 827 954 856; x_wconf 87' lang='lat' dir='ltr'>mea</span> <span class='ocrx_word' id='word_1_71' title='bbox 974 810 1177 856; x_wconf 84' lang='lat' dir='ltr'>maxima</span> <span class='ocrx_word' id='word_1_72' title='bbox 1204 828 1332 867; x_wconf 90' lang='lat' dir='ltr'>cura,</span> 
     </span>
    </p>

    <p class='ocr_par' dir='ltr' id='par_1_12' title="bbox 168 875 1464 940">
     <span class='ocr_line' id='line_1_12' title="bbox 168 875 1464 940; baseline 0.002 -18"><span class='ocrx_word' id='word_1_73' title='bbox 168 877 308 922; x_wconf 89' lang='lat' dir='ltr'>Dona</span> <span class='ocrx_word' id='word_1_74' title='bbox 335 876 503 934; x_wconf 86' lang='lat' dir='ltr'>ferens,</span> <span class='ocrx_word' id='word_1_75' title='bbox 537 878 708 940; x_wconf 83' lang='lat' dir='ltr'>pelago</span> <span class='ocrx_word' id='word_1_76' title='bbox 733 885 780 924; x_wconf 86' lang='lat' dir='ltr'>et</span> <span class='ocrx_word' id='word_1_77' title='bbox 805 875 1004 923; x_wconf 86' lang='lat' dir='ltr'>flammis</span> <span class='ocrx_word' id='word_1_78' title='bbox 1029 878 1258 924; x_wconf 87' lang='lat' dir='ltr'>restantia</span> <span class='ocrx_word' id='word_1_79' title='bbox 1282 877 1464 938; x_wconf 83' lang='lat' dir='ltr'>Trojae.</span> 
     </span>
    </p>

    <p class='ocr_par' dir='ltr' id='par_1_13' title="bbox 168 943 1500 1006">
     <span class='ocr_line' id='line_1_13' title="bbox 168 943 1500 1006; baseline 0.002 -17"><span class='ocrx_word' id='word_1_80' title='bbox 168 943 312 989; x_wconf 90' lang='lat' dir='ltr'>Hunc</span> <span class='ocrx_word' id='word_1_81' title='bbox 332 960 420 1006; x_wconf 87' lang='lat' dir='ltr'>ego</span> <span class='ocrx_word' id='word_1_82' title='bbox 442 946 651 1006; x_wconf 78' lang='lat' dir='ltr'>sopitum</span> <span class='ocrx_word' id='word_1_83' title='bbox 681 960 864 999; x_wconf 86' lang='lat' dir='ltr'>somno,</span> <span class='ocrx_word' id='word_1_84' title='bbox 888 960 1027 1005; x_wconf 84' lang='lat' dir='ltr'>super</span> <span class='ocrx_word' id='word_1_85' title='bbox 1046 944 1138 990; x_wconf 89' lang='lat' dir='ltr'>alta</span> <span class='ocrx_word' id='word_1_86' title='bbox 1161 944 1384 1006; x_wconf 81' lang='lat' dir='ltr'>Cythera,</span> <span class='ocrx_word' id='word_1_87' title='bbox 1404 943 1500 993; x_wconf 83' lang='lat'>680</span> 
     </span>
    </p>

    <p class='ocr_par' dir='ltr' id='par_1_14' title="bbox 166 1010 1349 1072">
     <span class='ocr_line' id='line_1_14' title="bbox 166 1010 1349 1072; baseline 0 -16"><span class='ocrx_word' id='word_1_88' title='bbox 166 1010 264 1056; x_wconf 88' lang='lat' dir='ltr'>Aut</span> <span class='ocrx_word' id='word_1_89' title='bbox 290 1025 433 1072; x_wconf 88' lang='lat' dir='ltr'>super</span> <span class='ocrx_word' id='word_1_90' title='bbox 456 1011 677 1066; x_wconf 90' lang='lat' dir='ltr'>Idalium,</span> <span class='ocrx_word' id='word_1_91' title='bbox 707 1011 892 1056; x_wconf 66' lang='lat' dir='ltr'>sacrata</span> <span class='ocrx_word' id='word_1_92' title='bbox 918 1010 1028 1056; x_wconf 86' lang='lat' dir='ltr'>sede</span> <span class='ocrx_word' id='word_1_93' title='bbox 1056 1010 1313 1056; x_wconf 79' lang='lat' dir='ltr'>recondam</span> <span class='ocrx_word' id='word_1_94' title='bbox 1338 1028 1349 1065; x_wconf 91' lang='lat'>;</span> 
     </span>
    </p>

    <p class='ocr_par' dir='ltr' id='par_1_15' title="bbox 166 1075 1416 1138">
     <span class='ocr_line' id='line_1_15' title="bbox 166 1075 1416 1138; baseline 0.001 -16"><span class='ocrx_word' id='word_1_95' title='bbox 166 1075 240 1122; x_wconf 89' lang='lat' dir='ltr'>Ne</span> <span class='ocrx_word' id='word_1_96' title='bbox 266 1075 362 1137; x_wconf 67' lang='lat' dir='ltr'>qua</span> <span class='ocrx_word' id='word_1_97' title='bbox 389 1077 507 1123; x_wconf 88' lang='lat' dir='ltr'>scire</span> <span class='ocrx_word' id='word_1_98' title='bbox 532 1077 688 1133; x_wconf 90' lang='lat' dir='ltr'>dolos,</span> <span class='ocrx_word' id='word_1_99' title='bbox 715 1077 956 1123; x_wconf 89' lang='lat' dir='ltr'>mediusve</span> <span class='ocrx_word' id='word_1_100' title='bbox 976 1093 1228 1122; x_wconf 88' lang='lat' dir='ltr'>occurrere</span> <span class='ocrx_word' id='word_1_101' title='bbox 1253 1078 1416 1138; x_wconf 82' lang='lat' dir='ltr'>possit.</span> 
     </span>
    </p>

    <p class='ocr_par' dir='ltr' id='par_1_16' title="bbox 165 1141 1349 1205">
     <span class='ocr_line' id='line_1_16' title="bbox 165 1141 1349 1205; baseline 0.002 -18"><span class='ocrx_word' id='word_1_102' title='bbox 165 1141 245 1188; x_wconf 91' lang='lat' dir='ltr'>Tu</span> <span class='ocrx_word' id='word_1_103' title='bbox 265 1141 432 1188; x_wconf 87' lang='lat' dir='ltr'>faciem</span> <span class='ocrx_word' id='word_1_104' title='bbox 457 1143 596 1199; x_wconf 91' lang='lat' dir='ltr'>illius,</span> <span class='ocrx_word' id='word_1_105' title='bbox 624 1151 813 1190; x_wconf 78' lang='lat' dir='ltr'>noctem</span> <span class='ocrx_word' id='word_1_106' title='bbox 841 1159 935 1189; x_wconf 87' lang='lat' dir='ltr'>non</span> <span class='ocrx_word' id='word_1_107' title='bbox 960 1143 1166 1205; x_wconf 77' lang='lat' dir='ltr'>amplius</span> <span class='ocrx_word' id='word_1_108' title='bbox 1194 1161 1349 1199; x_wconf 84' lang='lat' dir='ltr'>unam,</span> 
     </span>
    </p>

    <p class='ocr_par' dir='ltr' id='par_1_17' title="bbox 167 1209 1402 1272">
     <span class='ocr_line' id='line_1_17' title="bbox 167 1209 1402 1272; baseline 0.002 -17"><span class='ocrx_word' id='word_1_109' title='bbox 167 1209 296 1255; x_wconf 89' lang='lat' dir='ltr'>Falle</span> <span class='ocrx_word' id='word_1_110' title='bbox 322 1209 468 1265; x_wconf 89' lang='lat' dir='ltr'>dolo;</span> <span class='ocrx_word' id='word_1_111' title='bbox 506 1218 554 1256; x_wconf 84' lang='lat' dir='ltr'>et</span> <span class='ocrx_word' id='word_1_112' title='bbox 581 1218 716 1256; x_wconf 85' lang='lat' dir='ltr'>notos</span> <span class='ocrx_word' id='word_1_113' title='bbox 743 1209 878 1272; x_wconf 91' lang='lat' dir='ltr'>pueri</span> <span class='ocrx_word' id='word_1_114' title='bbox 901 1226 1019 1271; x_wconf 82' lang='lat' dir='ltr'>puer</span> <span class='ocrx_word' id='word_1_115' title='bbox 1043 1210 1186 1255; x_wconf 83' lang='lat' dir='ltr'>indue</span> <span class='ocrx_word' id='word_1_116' title='bbox 1213 1211 1402 1267; x_wconf 77' lang='lat' dir='ltr'>vultus:</span> 
     </span>
    </p>

    <p class='ocr_par' dir='ltr' id='par_1_18' title="bbox 167 1275 1330 1338">
     <span class='ocr_line' id='line_1_18' title="bbox 167 1275 1330 1338; baseline 0 -16"><span class='ocrx_word' id='word_1_117' title='bbox 167 1275 249 1330; x_wconf 84' lang='lat' dir='ltr'>Ut,</span> <span class='ocrx_word' id='word_1_118' title='bbox 278 1275 388 1321; x_wconf 73' lang='lat' dir='ltr'>cum</span> <span class='ocrx_word' id='word_1_119' title='bbox 415 1284 462 1322; x_wconf 92' lang='lat' dir='ltr'>te</span> <span class='ocrx_word' id='word_1_120' title='bbox 487 1277 663 1335; x_wconf 70' lang='lat' dir='ltr'>gremio</span> <span class='ocrx_word' id='word_1_121' title='bbox 689 1276 894 1338; x_wconf 81' lang='lat' dir='ltr'>accipiet</span> <span class='ocrx_word' id='word_1_122' title='bbox 918 1276 1157 1322; x_wconf 81' lang='lat' dir='ltr'>laetissima</span> <span class='ocrx_word' id='word_1_123' title='bbox 1187 1277 1330 1332; x_wconf 81' lang='lat' dir='ltr'>Dido,</span> 
     </span>
    </p>

    <p class='ocr_par' dir='ltr' id='par_1_19' title="bbox 169 1342 1280 1404">
     <span class='ocr_line' id='line_1_19' title="bbox 169 1342 1280 1404; baseline 0.001 -18"><span class='ocrx_word' id='word_1_124' title='bbox 169 1342 371 1402; x_wconf 81' lang='lat' dir='ltr'>Regales</span> <span class='ocrx_word' id='word_1_125' title='bbox 398 1342 517 1389; x_wconf 84' lang='lat' dir='ltr'>inter</span> <span class='ocrx_word' id='word_1_126' title='bbox 543 1358 725 1388; x_wconf 82' lang='lat' dir='ltr'>mensas</span> <span class='ocrx_word' id='word_1_127' title='bbox 752 1343 1038 1404; x_wconf 84' lang='lat' dir='ltr'>laticemque</span> <span class='ocrx_word' id='word_1_128' title='bbox 1069 1343 1280 1404; x_wconf 60' lang='lat' dir='ltr'>Lyaeum,</span> 
     </span>
    </p>

    <p class='ocr_par' dir='ltr' id='par_1_20' title="bbox 169 1407 1431 1472">
     <span class='ocr_line' id='line_1_20' title="bbox 169 1407 1431 1472; baseline 0.004 -21"><span class='ocrx_word' id='word_1_129' title='bbox 169 1407 289 1452; x_wconf 70' lang='lat' dir='ltr'>Cium</span> <span class='ocrx_word' id='word_1_130' title='bbox 312 1407 449 1455; x_wconf 89' lang='lat' dir='ltr'>dabit</span> <span class='ocrx_word' id='word_1_131' title='bbox 472 1408 736 1469; x_wconf 78' lang='lat' dir='ltr'>amplexus,</span> <span class='ocrx_word' id='word_1_132' title='bbox 758 1418 902 1471; x_wconf 86' lang='lat' dir='ltr'>atque</span> <span class='ocrx_word' id='word_1_133' title='bbox 928 1409 1090 1454; x_wconf 88' lang='lat' dir='ltr'>oscula</span> <span class='ocrx_word' id='word_1_134' title='bbox 1115 1409 1276 1455; x_wconf 88' lang='lat' dir='ltr'>dulcia</span> <span class='ocrx_word' id='word_1_135' title='bbox 1298 1408 1431 1472; x_wconf 82' lang='lat' dir='ltr'>figet,</span> 
     </span>
    </p>

    <p class='ocr_par' dir='ltr' id='par_1_21' title="bbox 169 1474 1331 1537">
     <span class='ocr_line' id='line_1_21' title="bbox 169 1474 1331 1537; baseline 0.003 -19"><span class='ocrx_word' id='word_1_136' title='bbox 169 1474 430 1521; x_wconf 85' lang='lat' dir='ltr'>Occultum</span> <span class='ocrx_word' id='word_1_137' title='bbox 454 1475 653 1536; x_wconf 68' lang='lat' dir='ltr'>inspires</span> <span class='ocrx_word' id='word_1_138' title='bbox 679 1475 853 1537; x_wconf 83' lang='lat' dir='ltr'>ignem,</span> <span class='ocrx_word' id='word_1_139' title='bbox 884 1474 1109 1536; x_wconf 83' lang='lat' dir='ltr'>fallasque</span> <span class='ocrx_word' id='word_1_140' title='bbox 1134 1491 1331 1522; x_wconf 87' lang='lat' dir='ltr'>veneno.</span> 
     </span>
    </p>

    <p class='ocr_par' dir='ltr' id='par_1_22' title="bbox 167 1539 1276 1601">
     <span class='ocr_line' id='line_1_22' title="bbox 167 1539 1276 1601; baseline 0.003 -16"><span class='ocrx_word' id='word_1_141' title='bbox 167 1539 309 1586; x_wconf 86' lang='lat' dir='ltr'>Paret</span> <span class='ocrx_word' id='word_1_142' title='bbox 333 1542 484 1587; x_wconf 88' lang='lat' dir='ltr'>Amor</span> <span class='ocrx_word' id='word_1_143' title='bbox 508 1541 648 1587; x_wconf 85' lang='lat' dir='ltr'>dictis</span> <span class='ocrx_word' id='word_1_144' title='bbox 675 1558 796 1587; x_wconf 83' lang='lat' dir='ltr'>carae</span> <span class='ocrx_word' id='word_1_145' title='bbox 816 1541 1073 1601; x_wconf 74' lang='lat' dir='ltr'>genitrici3‚</span> <span class='ocrx_word' id='word_1_146' title='bbox 1102 1549 1148 1587; x_wconf 89' lang='lat' dir='ltr'>et</span> <span class='ocrx_word' id='word_1_147' title='bbox 1175 1542 1276 1588; x_wconf 85' lang='lat' dir='ltr'>alas</span> 
     </span>
    </p>

    <p class='ocr_par' dir='ltr' id='par_1_23' title="bbox 168 1606 1501 1737">
     <span class='ocr_line' id='line_1_23' title="bbox 168 1606 1500 1668; baseline 0.002 -15"><span class='ocrx_word' id='word_1_148' title='bbox 168 1606 328 1663; x_wconf 85' lang='lat' dir='ltr'>Exuit,</span> <span class='ocrx_word' id='word_1_149' title='bbox 354 1616 402 1654; x_wconf 92' lang='lat' dir='ltr'>et</span> <span class='ocrx_word' id='word_1_150' title='bbox 424 1623 591 1668; x_wconf 82' lang='lat' dir='ltr'>gressu</span> <span class='ocrx_word' id='word_1_151' title='bbox 615 1607 828 1668; x_wconf 85' lang='lat' dir='ltr'>gaudeus</span> <span class='ocrx_word' id='word_1_152' title='bbox 854 1607 1030 1654; x_wconf 87' lang='lat' dir='ltr'>incedit</span> <span class='ocrx_word' id='word_1_153' title='bbox 1056 1607 1165 1653; x_wconf 85' lang='lat' dir='ltr'>Iiili.</span> <span class='ocrx_word' id='word_1_154' title='bbox 1402 1608 1500 1665; x_wconf 80' lang='lat'>690</span> 
     </span>
     <span class='ocr_line' id='line_1_24' title="bbox 234 1674 1501 1737; baseline 0.002 -18"><span class='ocrx_word' id='word_1_155' title='bbox 234 1676 290 1719; x_wconf 78' lang='lat' dir='ltr'>At</span> <span class='ocrx_word' id='word_1_156' title='bbox 319 1674 479 1720; x_wconf 83' lang='lat' dir='ltr'>Venus</span> <span class='ocrx_word' id='word_1_157' title='bbox 512 1675 721 1720; x_wconf 82' lang='lat' dir='ltr'>Ascanio</span> <span class='ocrx_word' id='word_1_158' title='bbox 746 1674 978 1735; x_wconf 80' lang='lat' dir='ltr'>placidam</span> <span class='ocrx_word' id='word_1_159' title='bbox 1007 1690 1088 1734; x_wconf 88' lang='lat' dir='ltr'>per</span> <span class='ocrx_word' id='word_1_160' title='bbox 1123 1674 1331 1721; x_wconf 69' lang='lat' dir='ltr'>membra</span> <span class='ocrx_word' id='word_1_161' title='bbox 1370 1676 1501 1737; x_wconf 88' lang='lat' dir='ltr'>quie·-</span> 
     </span>
    </p>

    <p class='ocr_par' dir='ltr' id='par_1_24' title="bbox 165 1738 1498 1804">
     <span class='ocr_line' id='line_1_25' title="bbox 165 1738 1498 1804; baseline 0.002 -19"><span class='ocrx_word' id='word_1_162' title='bbox 165 1738 366 1795; x_wconf 57' lang='lat' dir='ltr'>Irrigan</span> <span class='ocrx_word' id='word_1_163' title='bbox 405 1749 453 1787; x_wconf 90' lang='lat' dir='ltr'>et</span> <span class='ocrx_word' id='word_1_164' title='bbox 477 1740 628 1786; x_wconf 88' lang='lat' dir='ltr'>fotum</span> <span class='ocrx_word' id='word_1_165' title='bbox 657 1743 832 1802; x_wconf 81' lang='lat' dir='ltr'>gremio</span> <span class='ocrx_word' id='word_1_166' title='bbox 857 1742 957 1786; x_wconf 80' lang='lat' dir='ltr'>Dea</span> <span class='ocrx_word' id='word_1_167' title='bbox 984 1741 1106 1787; x_wconf 90' lang='lat' dir='ltr'>tollit</span> <span class='ocrx_word' id='word_1_168' title='bbox 1131 1741 1175 1786; x_wconf 87' lang='lat' dir='ltr'>in</span> <span class='ocrx_word' id='word_1_169' title='bbox 1202 1741 1323 1787; x_wconf 87' lang='lat' dir='ltr'>altos</span> <span class='ocrx_word' id='word_1_170' title='bbox 1380 1743 1498 1804; x_wconf 76' lang='lat' dir='ltr'>[tem</span> 
     </span>
    </p>

    <p class='ocr_par' dir='ltr' id='par_1_25' title="bbox 166 1805 1232 1862">
     <span class='ocr_line' id='line_1_26' title="bbox 166 1805 1232 1862; baseline 0.003 -11"><span class='ocrx_word' id='word_1_171' title='bbox 166 1805 330 1852; x_wconf 78' lang='lat' dir='ltr'>ldaliae</span> <span class='ocrx_word' id='word_1_172' title='bbox 355 1807 502 1862; x_wconf 87' lang='lat' dir='ltr'>lucos,</span> <span class='ocrx_word' id='word_1_173' title='bbox 531 1807 612 1852; x_wconf 86' lang='lat' dir='ltr'>ubi</span> <span class='ocrx_word' id='word_1_174' title='bbox 652 1808 804 1853; x_wconf 82' lang='lat' dir='ltr'>mollis</span> <span class='ocrx_word' id='word_1_175' title='bbox 828 1823 1075 1853; x_wconf 84' lang='lat' dir='ltr'>amaracus</span> <span class='ocrx_word' id='word_1_176' title='bbox 1101 1807 1232 1854; x_wconf 91' lang='lat' dir='ltr'>illum</span> 
     </span>
    </p>

    <p class='ocr_par' dir='ltr' id='par_1_26' title="bbox 167 1872 1422 1935">
     <span class='ocr_line' id='line_1_27' title="bbox 167 1872 1422 1935; baseline 0.002 -17"><span class='ocrx_word' id='word_1_177' title='bbox 167 1872 383 1920; x_wconf 79' lang='lat' dir='ltr'>Floribus</span> <span class='ocrx_word' id='word_1_178' title='bbox 407 1883 454 1921; x_wconf 88' lang='lat' dir='ltr'>et</span> <span class='ocrx_word' id='word_1_179' title='bbox 479 1873 605 1920; x_wconf 90' lang='lat' dir='ltr'>dulci</span> <span class='ocrx_word' id='word_1_180' title='bbox 630 1874 845 1935; x_wconf 84' lang='lat' dir='ltr'>aspirans</span> <span class='ocrx_word' id='word_1_181' title='bbox 872 1874 1210 1935; x_wconf 82' lang='lat' dir='ltr'>complectitur</span> <span class='ocrx_word' id='word_1_182' title='bbox 1235 1873 1422 1922; x_wconf 54' lang='lat' dir='ltr'>umbri.</span> 
     </span>
    </p>

    <p class='ocr_par' dir='ltr' id='par_1_27' title="bbox 165 1940 1301 2002">
     <span class='ocr_line' id='line_1_28' title="bbox 165 1940 1301 2002; baseline 0 -16"><span class='ocrx_word' id='word_1_183' title='bbox 165 1940 370 2002; x_wconf 84' lang='lat' dir='ltr'>Jamque</span> <span class='ocrx_word' id='word_1_184' title='bbox 395 1940 495 1986; x_wconf 85' lang='lat' dir='ltr'>ibat</span> <span class='ocrx_word' id='word_1_185' title='bbox 522 1940 654 1986; x_wconf 91' lang='lat' dir='ltr'>dicto</span> <span class='ocrx_word' id='word_1_186' title='bbox 681 1956 866 2001; x_wconf 84' lang='lat' dir='ltr'>parens,</span> <span class='ocrx_word' id='word_1_187' title='bbox 892 1949 939 1986; x_wconf 90' lang='lat' dir='ltr'>et</span> <span class='ocrx_word' id='word_1_188' title='bbox 959 1940 1085 1986; x_wconf 80' lang='lat' dir='ltr'>dona</span> <span class='ocrx_word' id='word_1_189' title='bbox 1110 1940 1301 2001; x_wconf 83' lang='lat' dir='ltr'>Cupido</span> 
     </span>
    </p>

    <p class='ocr_par' dir='ltr' id='par_1_28' title="bbox 167 2006 1298 2068">
     <span class='ocr_line' id='line_1_29' title="bbox 167 2006 1298 2068; baseline 0.001 -16"><span class='ocrx_word' id='word_1_190' title='bbox 167 2006 311 2068; x_wconf 82' lang='lat' dir='ltr'>Regia</span> <span class='ocrx_word' id='word_1_191' title='bbox 334 2007 555 2068; x_wconf 86' lang='lat' dir='ltr'>portabat</span> <span class='ocrx_word' id='word_1_192' title='bbox 579 2007 754 2068; x_wconf 81' lang='lat' dir='ltr'>Tyriis,</span> <span class='ocrx_word' id='word_1_193' title='bbox 781 2006 902 2052; x_wconf 84' lang='lat' dir='ltr'>duce</span> <span class='ocrx_word' id='word_1_194' title='bbox 930 2008 1066 2052; x_wconf 81' lang='lat' dir='ltr'>laetus</span> <span class='ocrx_word' id='word_1_195' title='bbox 1093 2008 1298 2054; x_wconf 77' lang='lat' dir='ltr'>Achate.</span> 
     </span>
    </p>

    <p class='ocr_par' dir='ltr' id='par_1_29' title="bbox 166 2072 1285 2134">
     <span class='ocr_line' id='line_1_30' title="bbox 166 2072 1285 2134; baseline 0.001 -16"><span class='ocrx_word' id='word_1_196' title='bbox 166 2072 288 2118; x_wconf 73' lang='lat' dir='ltr'>Cum</span> <span class='ocrx_word' id='word_1_197' title='bbox 310 2074 458 2130; x_wconf 87' lang='lat' dir='ltr'>venit,</span> <span class='ocrx_word' id='word_1_198' title='bbox 485 2073 647 2119; x_wconf 69' lang='lat' dir='ltr'>aulaeis</span> <span class='ocrx_word' id='word_1_199' title='bbox 661 2072 764 2133; x_wconf 84' lang='lat' dir='ltr'>jam</span> <span class='ocrx_word' id='word_1_200' title='bbox 793 2090 839 2118; x_wconf 86' lang='lat' dir='ltr'>se</span> <span class='ocrx_word' id='word_1_201' title='bbox 868 2074 1047 2127; x_wconf 57' lang='lat' dir='ltr'>Regina</span> <span class='ocrx_word' id='word_1_202' title='bbox 1069 2073 1285 2134; x_wconf 86' lang='lat' dir='ltr'>superbis</span> 
     </span>
    </p>

    <p class='ocr_par' dir='ltr' id='par_1_30' title="bbox 167 2139 1499 2270">
     <span class='ocr_line' id='line_1_31' title="bbox 167 2139 1398 2202; baseline 0.002 -18"><span class='ocrx_word' id='word_1_203' title='bbox 167 2139 324 2186; x_wconf 67' lang='lat' dir='ltr'>Aure-A</span> <span class='ocrx_word' id='word_1_204' title='bbox 350 2141 626 2202; x_wconf 82' lang='lat' dir='ltr'>composuit</span> <span class='ocrx_word' id='word_1_205' title='bbox 651 2140 848 2200; x_wconf 76' lang='lat' dir='ltr'>sponda,</span> <span class='ocrx_word' id='word_1_206' title='bbox 877 2140 1179 2202; x_wconf 81' lang='lat' dir='ltr'>mediamque</span> <span class='ocrx_word' id='word_1_207' title='bbox 1206 2139 1398 2187; x_wconf 85' lang='lat' dir='ltr'>locavit.</span> 
     </span>
     <span class='ocr_line' id='line_1_32' title="bbox 233 2204 1499 2270; baseline 0 -18"><span class='ocrx_word' id='word_1_208' title='bbox 233 2206 337 2252; x_wconf 80' lang='lat' dir='ltr'>Jam</span> <span class='ocrx_word' id='word_1_209' title='bbox 364 2215 503 2270; x_wconf 85' lang='lat' dir='ltr'>pater</span> <span class='ocrx_word' id='word_1_210' title='bbox 527 2207 716 2260; x_wconf 82' lang='lat' dir='ltr'>AEneas,</span> <span class='ocrx_word' id='word_1_211' title='bbox 737 2206 904 2267; x_wconf 82' lang='lat' dir='ltr'>etjam</span> <span class='ocrx_word' id='word_1_212' title='bbox 923 2206 1384 2266; x_wconf 65' lang='lat' dir='ltr'>&#39;l*r‹›janajuveulus</span> <span class='ocrx_word' id='word_1_213' title='bbox 1402 2204 1499 2262; x_wconf 79' lang='lat'>699</span> 
     </span>
    </p>

    <p class='ocr_par' dir='ltr' id='par_1_31' title="bbox 170 2270 1443 2335">
     <span class='ocr_line' id='line_1_33' title="bbox 170 2270 1443 2335; baseline -0.003 -13"><span class='ocrx_word' id='word_1_214' title='bbox 170 2270 491 2332; x_wconf 76' lang='lat' dir='ltr'>Conveniunt,</span> <span class='ocrx_word' id='word_1_215' title='bbox 521 2283 766 2335; x_wconf 80' lang='lat' dir='ltr'>stratoque</span> <span class='ocrx_word' id='word_1_216' title='bbox 791 2289 933 2334; x_wconf 77' lang='lat' dir='ltr'>super</span> <span class='ocrx_word' id='word_1_217' title='bbox 957 2274 1275 2319; x_wconf 65' lang='lat' dir='ltr'>‹liscumbitur</span> <span class='ocrx_word' id='word_1_218' title='bbox 1298 2282 1443 2319; x_wconf 76' lang='lat' dir='ltr'>ostro,</span> 
     </span>
    </p>

    <p class='ocr_par' dir='ltr' id='par_1_32' title="bbox 171 2340 1478 2404">
     <span class='ocr_line' id='line_1_34' title="bbox 171 2340 1478 2404; baseline 0.002 -20"><span class='ocrx_word' id='word_1_219' title='bbox 171 2340 301 2387; x_wconf 85' lang='lat' dir='ltr'>Dant</span> <span class='ocrx_word' id='word_1_220' title='bbox 317 2341 481 2388; x_wconf 81' lang='lat' dir='ltr'>famuli</span> <span class='ocrx_word' id='word_1_221' title='bbox 505 2342 722 2388; x_wconf 80' lang='lat' dir='ltr'>manibus</span> <span class='ocrx_word' id='word_1_222' title='bbox 751 2341 982 2404; x_wconf 57' lang='lat' dir='ltr'>lympham,</span> <span class='ocrx_word' id='word_1_223' title='bbox 1012 2341 1327 2402; x_wconf 81' lang='lat' dir='ltr'>Cereremque</span> <span class='ocrx_word' id='word_1_224' title='bbox 1348 2342 1478 2386; x_wconf 86' lang='lat' dir='ltr'>canis</span> 
     </span>
    </p>

    <p class='ocr_par' dir='ltr' id='par_1_33' title="bbox 172 2406 1498 2470">
     <span class='ocr_line' id='line_1_35' title="bbox 172 2406 1498 2470; baseline 0 -19"><span class='ocrx_word' id='word_1_225' title='bbox 172 2406 462 2467; x_wconf 85' lang='lat' dir='ltr'>Expediunt,</span> <span class='ocrx_word' id='word_1_226' title='bbox 490 2408 739 2470; x_wconf 85' lang='lat' dir='ltr'>tonsisque</span> <span class='ocrx_word' id='word_1_227' title='bbox 761 2408 917 2453; x_wconf 83' lang='lat' dir='ltr'>ferunt</span> <span class='ocrx_word' id='word_1_228' title='bbox 944 2408 1154 2453; x_wconf 84' lang='lat' dir='ltr'>mantilia</span> <span class='ocrx_word' id='word_1_229' title='bbox 1182 2407 1318 2453; x_wconf 80' lang='lat' dir='ltr'>villis.</span> <span class='ocrx_word' id='word_1_230' title='bbox 1391 2407 1498 2468; x_wconf 86' lang='lat' dir='ltr'>[tris</span> 
     </span>
    </p>

    <p class='ocr_par' dir='ltr' id='par_1_34' title="bbox 172 2472 1465 2535">
     <span class='ocr_line' id='line_1_36' title="bbox 172 2472 1465 2535; baseline -0.001 -18"><span class='ocrx_word' id='word_1_231' title='bbox 172 2472 529 2535; x_wconf 80' lang='lat' dir='ltr'>Quinquaginta</span> <span class='ocrx_word' id='word_1_232' title='bbox 550 2476 676 2520; x_wconf 83' lang='lat' dir='ltr'>intus</span> <span class='ocrx_word' id='word_1_233' title='bbox 703 2474 912 2529; x_wconf 62' lang='lat' dir='ltr'>samnite,</span> <span class='ocrx_word' id='word_1_234' title='bbox 941 2474 1115 2534; x_wconf 80' lang='lat' dir='ltr'>quibus</span> <span class='ocrx_word' id='word_1_235' title='bbox 1136 2474 1298 2519; x_wconf 83' lang='lat' dir='ltr'>ordine</span> <span class='ocrx_word' id='word_1_236' title='bbox 1324 2473 1465 2532; x_wconf 73' lang='lat' dir='ltr'>longo</span> 
     </span>
    </p>

    <p class='ocr_par' dir='ltr' id='par_1_35' title="bbox 171 2539 1474 2603">
     <span class='ocr_line' id='line_1_37' title="bbox 171 2539 1474 2603; baseline 0.001 -18"><span class='ocrx_word' id='word_1_237' title='bbox 171 2539 296 2586; x_wconf 80' lang='lat' dir='ltr'>Cura</span> <span class='ocrx_word' id='word_1_238' title='bbox 321 2555 493 2603; x_wconf 79' lang='lat' dir='ltr'>penum</span> <span class='ocrx_word' id='word_1_239' title='bbox 517 2549 714 2597; x_wconf 75' lang='lat' dir='ltr'>struere,</span> <span class='ocrx_word' id='word_1_240' title='bbox 741 2548 784 2586; x_wconf 85' lang='lat' dir='ltr'>et</span> <span class='ocrx_word' id='word_1_241' title='bbox 811 2539 1007 2587; x_wconf 75' lang='lat' dir='ltr'>flammis</span> <span class='ocrx_word' id='word_1_242' title='bbox 1033 2541 1220 2587; x_wconf 73' lang='lat' dir='ltr'>adolere</span> <span class='ocrx_word' id='word_1_243' title='bbox 1251 2541 1474 2586; x_wconf 72' lang='lat' dir='ltr'>Penates:</span> 
     </span>
    </p>
   </div>
  </div>
 </body>
</html>
