1580 2686
114 69 174 107 ’ΖΟ
395 73 404 93 ³
442 73 489 108 P.
532 72 767 108 VIRGILII
811 75 1083 110 ΜΑΒΟΝἹΪΞ4
1117 91 1125 100 ‘
1147 113 1158 120 ,

104 192 213 253 lpse
238 191 347 248 ruit,
375 191 637 255 dentesque
664 194 926 243 Sabellicus
952 194 1143 242 exacuit
1169 211 1263 251 sus,

101 258 162 304 Et
187 257 313 320 pede
338 260 608 321 prosubigit
631 269 821 316 terram,
849 261 991 308 fricat
1015 263 1184 308 arbore
1208 268 1385 317 costas,

103 328 262 385 Atque
280 325 391 371 hinc
408 333 553 388 atque
570 327 696 374 illinc
715 328 939 374 humeros
960 329 1017 374 ad
1042 328 1234 375 vulnera
1253 328 1409 374 durat.

101 390 230 444 Quid
252 389 456 450 juvenis,
477 409 698 454 magnum
718 394 795 440 cui
816 403 969 440 versat
990 394 1034 439 iu
1057 395 1240 441 ossibus
1258 395 1411 455 ignem

100 456 265 503 Durus
291 459 452 505 amor?
476 475 650 522 nempe
674 460 893 521 abruptis
919 461 1108 507 turbata
1134 461 1355 522 procellis

101 521 260 570 Nocte
280 531 412 571 natat
435 526 567 572 caeca
595 541 725 571 serus
747 526 893 572 freta:
919 543 1060 588 quem
1087 543 1229 589 super
1249 528 1412 587 ingens

99 590 243 635 Porta
268 598 400 637 tonat
424 591 548 646 coeli,
579 595 627 637 et
651 591 859 654 scopulis
885 592 1006 638 illisa
1030 594 1291 640 reclamant
1315 594 1405 642 261

97 656 335 717 AEquora3
360 673 447 704 nec
473 657 633 703 miseri
656 666 860 720 possunt
880 674 1103 705 revocare
1127 669 1362 721 parente5‚

99 722 204 769 Nec
229 723 457 769 moritura
486 740 631 787 super
655 724 840 770 crudeli
865 724 1029 771 funere
1055 726 1202 788 virgo.

100 789 230 842 Quid
252 789 413 852 lynces
434 790 613 837 Bacchi
632 791 787 846 variae,
811 798 857 837 et
873 809 1021 853 genus
1041 807 1150 838 acre
1171 793 1410 855 luporum,

97 857 264 918 Atque
289 859 497 904 canum?
524 857 657 919 quid,
685 874 793 919 quae
835 858 1049 905 imbelles
1090 859 1206 906 daut
1246 859 1412 921 praelia

233 924 396 969 cervi?

97 989 288 1036 Scilicet
312 998 423 1036 ante
448 1006 608 1037 omnes
631 990 765 1037 furor
787 999 860 1038 est
883 991 1073 1053 insignis
1097 1008 1354 1054 equarum:

101 1056 162 1101 Et
180 1063 385 1103 mentem
404 1058 566 1103 Venus
587 1057 689 1119 ipsa
709 1057 858 1113 dedit,
879 1075 973 1121 quo
993 1068 1212 1121 tempore
1233 1059 1409 1105 Glauci

96 1122 353 1169 Potniades
379 1123 515 1170 malis
541 1125 756 1170 membra
779 1126 1054 1172 absumsere
1081 1125 1341 1187 quadrigae.

97 1188 207 1235 Illas
224 1189 360 1236 ducit
377 1206 512 1236 amor
528 1198 656 1237 trans
675 1192 904 1253 Gargara,
923 1199 1149 1254 transque
1160 1200 1409 1240 sonantem

97 1257 379 1311 Ascanium;
406 1265 634 1320 superant
658 1267 857 1313 montes,
883 1266 930 1304 et
947 1257 1140 1305 flumina
1156 1266 1361 1306 tranant.

99 1322 440 1384 Continuoque
466 1323 616 1369 avidis
642 1324 724 1369 ubi
749 1324 942 1371 subdita
962 1323 1149 1370 flamma
1175 1325 1409 1381 medullis,

96 1390 221 1437 Vere
242 1391 406 1450 magis,
427 1389 542 1452 quia
562 1406 669 1437 vere
687 1391 816 1436 calor
828 1391 951 1437 redit
968 1390 1170 1447 ossibus,
1189 1391 1281 1437 illae
1313 1401 1408 1448 272

101 1456 201 1503 Ore
220 1473 387 1503 omnes
400 1473 549 1503 versae
566 1457 609 1502 in
623 1458 916 1520 Zephyrum,
929 1465 1057 1504 stant
1073 1458 1271 1519 rupibus
1282 1460 1410 1515 altis,

95 1524 465 1586 Exceptantque
490 1524 615 1569 leves
642 1540 805 1570 auras:
833 1533 880 1570 et
906 1541 1035 1586 saepe
1056 1525 1156 1570 sine
1183 1525 1286 1571 ullis

99 1590 357 1652 Conjugiis,
385 1597 528 1636 vento
554 1590 759 1651 gravidae
779 1590 1010 1649 (mirabile
1037 1591 1192 1646 dictu)

97 1657 223 1703 Saxa
246 1673 331 1719 per
347 1665 394 1703 et
419 1657 641 1718 scopulos
658 1666 704 1704 et
728 1657 979 1719 depressas
1001 1657 1240 1703 convalles

96 1722 397 1785 Diffugiunt3
425 1739 537 1778 non,
558 1724 695 1780 Eure,
714 1731 838 1778 tuos,
861 1740 1015 1784 neque
1039 1723 1155 1769 Solis
1177 1724 1235 1769 ad
1255 1733 1408 1780 ortuS,

95 1789 150 1837 In
194 1791 402 1849 Borean,
459 1790 784 1853 Caurumque,
812 1799 895 1836 aut
956 1785 1078 1835 unde
1131 1789 1408 1851 nigerrimus

230 1859 408 1902 Auster

97 1924 344 1981 Nascitur,
362 1933 411 1971 et
435 1922 601 1986 pluvio
627 1924 885 1970 contristat
908 1921 1082 1984 frigore
1103 1923 1292 1969 coelum.
1311 1929 1409 1978 279

100 1994 203 2040 Hic
232 1991 444 2046 demum,
483 1990 799 2052 hippomanes
826 2005 937 2035 vero
964 1988 1094 2050 quod
1121 1989 1312 2035 nomine
1338 1990 1406 2034 (li-

96 2060 336 2115 Pastores‚
364 2058 544 2103 lentum
571 2055 779 2103 destillat
796 2056 856 2101 ab
882 2056 1073 2118 inguine
1098 2056 1241 2101 virus.
1271 2057 1408 2117 [cunt

96 2123 449 2186 Hippomane5‚
478 2124 608 2185 quod
636 2138 764 2183 saepe
802 2123 938 2168 malae
981 2122 1135 2184 legere
1169 2138 1408 2178 novere-tc,

97 2191 498 2251 Miscueruntque
521 2190 710 2244 herbas,
738 2197 785 2234 et
808 2205 899 2234 non
924 2188 1112 2234 innoxia
1132 2188 1296 2233 verba.

165 2257 261 2303 Sed
286 2257 625 2316 fugit'interea‚
653 2255 774 2316 fugit
799 2255 1104 2318 irreparabile
1133 2262 1340 2316 tempus,

97 2323 294 2385 Singula
317 2325 433 2370 dum
457 2323 586 2384 capti
611 2323 1042 2368 circumvectamur
1065 2338 1244 2368 amore.

166 2391 276 2436 Hoc
303 2390 421 2436 satis
446 2389 699 2436 armentis:
725 2397 922 2451 superat
944 2405 1053 2450 pars
1078 2389 1227 2434 altem
1265 2404 1408 2445 curae,

98 2455 356 2516 Lanigeros
378 2456 555 2518 agitare
583 2472 761 2518 greges,
787 2456 1026 2518 hirtasque
1056 2455 1275 2516 capellas.

100 2522 193 2569 Hic
212 2523 347 2570 labor
363 2542 376 2579 ;
406 2524 514 2571 hinc
535 2522 725 2569 laudem
753 2523 895 2569 fortes
921 2531 1102 2585 sperate
1125 2521 1301 2568 Coloni.
