1607 2700
503 77 759 115 AENEIDOS
801 77 913 112 Lm.
950 78 1000 113 V.
1316 75 1404 116 183

184 199 248 247 Ut
271 199 463 262 pelagus
489 205 680 244 tenuere
697 204 839 252 rateS,
866 213 955 243 nec
971 196 1070 258 jam
1088 197 1289 260 amplius
1312 198 1409 246 ulla

117 264 504 319 OccurrittelluS‚
523 263 693 310 coelum
708 262 919 326 undique
930 271 977 310 et
989 263 1198 326 undique
1210 274 1405 328 pontus;

117 331 211 378 Olli
239 330 466 378 coeruleus
492 345 634 392 supra
658 337 805 391 caput
822 329 974 376 astitit
996 329 1162 385 imber,
1352 338 1410 380 10

115 399 317 444 Noctem
335 397 646 459 hyememque
666 394 842 451 ferens3
880 405 928 444 et
944 395 1174 443 inhorruit
1198 398 1328 445 unda
1344 407 1411 445 te-

117 465 222 524 Ipse
242 465 526 525 gubernator
542 463 692 525 puppi
711 463 953 509 Palinurus
974 462 1036 510 ab
1061 462 1185 509 alisi:
1213 465 1409 526 [nebris.

116 531 250 576 Heu!
289 529 510 591 quianam
532 532 647 577 tanti
673 530 920 577 cinxerunt
944 529 1122 576 aethera
1159 530 1345 577 nimbi?

118 595 318 652 Quidve,
333 605 468 658 pater
479 598 720 659 Neptune,
735 596 899 659 paras?
925 596 1004 643 Sic
1021 595 1191 643 deinde
1203 597 1410 654 locutus,

115 661 348 724 Colligere
368 663 669 725 armajubet,
688 662 946 726 validisque
961 662 1231 709 incumbere
1252 664 1412 718 remis;

117 729 446 791 Obliquatque
472 730 603 777 sinus
628 731 675 776 in
700 736 907 786 ventum,
930 745 987 775 ac
1012 729 1123 776 talia
1141 728 1296 777 fatur:

116 796 421 857 Magnanime
447 799 609 853 AEnea,
635 813 744 853 non,
772 797 809 842 si
834 795 947 842 mibi
969 796 1158 858 Jupiter
1181 805 1351 845 auctor

115 862 378 924 Spondeat,
407 863 497 909 hoc
525 880 705 926 sperem
733 862 919 909 Italiam
946 862 1218 925 contingere
1243 864 1381 911 coelo.

115 930 295 976 Mutati
321 937 584 976 transversa
609 929 833 986 fremunt,
859 936 907 975 et
931 945 1123 990 vespere
1149 930 1209 976 ab
1234 939 1336 977 atro

117 996 422 1057 Consurgunt
438 995 585 1051 venti;
625 1004 767 1058 atque
785 995 830 1041 in
846 996 1019 1041 nubem
1041 996 1225 1055 cogitur
1237 1003 1336 1044 aer.
1355 1004 1415 1045 20

116 1062 218 1108 Nec
242 1079 327 1108 nos
352 1062 500 1110 obniti
528 1062 712 1119 contre,
740 1079 825 1109 nec
851 1062 1044 1109 tendere
1077 1070 1262 1110 tantum

117 1128 412 1177 Sufficimus:
438 1137 624 1191 superat
649 1129 871 1191 quoniam
890 1130 1113 1185 Fortuna,
1139 1146 1414 1192 sequamur,-

115 1195 324 1258 Qubque
350 1205 505 1252 vocat,
532 1205 765 1242 vertamus
789 1196 891 1243 iter.
964 1196 1067 1242 Nec
1095 1196 1254 1243 littora
1278 1197 1416 1259 longe

117 1262 234 1308 Fida
257 1278 361 1309 reor
377 1262 579 1309 fraterna
607 1263 786 1325 Erycis,
812 1271 1074 1324 portusque
1096 1263 1316 1319 Sicanos;

119 1328 167 1374 Si
190 1328 331 1376 modo
353 1329 437 1375 rite
462 1345 641 1375 memor
666 1338 847 1375 servata
870 1330 1090 1375 remetior
1112 1338 1254 1377 astra.

116 1394 245 1440 Tum
271 1394 375 1457 pius
399 1395 598 1442 AEueas:
636 1394 868 1457 Equidem
895 1395 961 1441 sic
988 1412 1187 1458 poscere
1214 1406 1376 1444 ventos

118 1459 429 1516 Jamdudum,
456 1469 501 1507 et
529 1462 701 1507 frustra
726 1478 869 1508 cerno
896 1470 940 1508 te
967 1461 1156 1508 tendere
1181 1462 1369 1510 contra.

124 1527 282 1573 Flecte
309 1527 430 1574 viam
455 1527 588 1574 velis.
659 1529 734 1574 An
759 1527 814 1573 sit
839 1527 954 1573 mihi
977 1527 1152 1589 gratior
1177 1528 1286 1584 ulla,

121 1592 290 1646 Quove
315 1595 459 1655 magis
485 1593 629 1639 fessas
653 1601 814 1655 optem
840 1593 1076 1640 dimittere
1102 1610 1238 1639 naves
1261 1613 1272 1650 ;

120 1659 273 1713 Quum
299 1676 403 1721 quae
426 1659 715 1706 Dardanium
735 1658 872 1706 tellus
890 1659 1002 1706 mihi
1023 1668 1172 1706 servat
1193 1663 1419 1715 Acesten,

122 1725 178 1770 Et
205 1726 353 1788 patris
379 1728 600 1774 Ancliisae
625 1726 802 1788 gremio
827 1726 1159 1788 complectitur
1183 1727 1323 1773 ossa?
1357 1733 1416 1774 3⁸·

121 1790 233 1838 Haec
261 1792 341 1839 ubi
365 1792 509 1849 dicta,
536 1801 702 1854 petunt
726 1801 907 1855 portus,
933 1801 978 1839 et
1002 1792 1104 1839 vela
1128 1794 1324 1840 secundi

119 1858 371 1905 Inteudunt
391 1860 625 1923 Zephyri:
666 1859 814 1907 fertur
839 1860 931 1906 cita
952 1859 1136 1923 gurgite
1157 1859 1318 1906 classis
1341 1877 1353 1907 ε

119 1925 178 1971 Et
199 1925 388 1972 taudem
413 1926 507 1973 laeti
532 1934 658 1972 notae
683 1925 996 1973 advertuntur
1020 1941 1190 1972 arenae.

184 1994 249 2038 At
274 1993 441 2054 procul
465 1994 651 2040 excelso
678 1992 869 2039 miratus
894 1994 1070 2039 vertice
1096 1993 1267 2039 montis

126 2058 410 2115 Adventum,
438 2060 686 2122 sociasque
709 2068 853 2116 rateS,
879 2060 1090 2106 occurrit
1115 2061 1330 2116 AcesteS,

121 2124 367 2182 Horridus,
392 2126 437 2172 iu
456 2126 633 2189 jaculis
653 2133 700 2174 et
725 2126 847 2189 pelle
871 2126 1123 2189 Libystidis
1143 2142 1286 2173 ursae:

120 2191 265 2238 Troia
291 2192 492 2240 Crimiso
518 2200 805 2255 conceptum
830 2192 1020 2240 flumine
1045 2200 1194 2239 mater
1283 2195 1417 2254 [tum,

122 2257 276 2315 Quem
299 2260 478 2320 genuit.
550 2261 772 2306 Veterum
792 2276 882 2306 non
899 2260 1142 2306 immemor
1162 2260 1237 2306 ille
1255 2276 1399 2322 paren

124 2323 352 2371 Gratatur
373 2326 587 2382 reduces,
615 2334 662 2373 et
687 2327 800 2387 gaza
824 2326 960 2373 laetus
985 2326 1160 2389 agresti
1359 2332 1414 2374 4(

124 2390 331 2452 Excipit,
357 2408 411 2438 ac
431 2392 578 2440 fessos
602 2393 775 2456 opibus
792 2393 970 2440 solatur
994 2393 1172 2439 amicis.

191 2457 382 2504 Postera
406 2458 516 2506 cum
542 2459 694 2520 primo
721 2458 875 2506 stellas
901 2459 1080 2507 oriente
1105 2458 1291 2522 sugsirat
