1607 2700
155 75 243 116 218
487 82 535 116 1².
573 80 822 116 leG1L11
860 81 1120 116 MARONIS

153 201 360 249 Centum
384 208 538 248 errant
562 217 728 258 annos,
751 201 1046 263 volitantque
1067 203 1170 248 haec
1196 200 1352 247 littora
1376 201 1472 247 cir-

287 265 436 312 cum:
1370 274 1464 323 329

153 332 279 379 Tum
304 332 493 378 demum
519 333 717 380 admissi
744 341 911 395 stagna
930 342 1158 396 exoptata
1182 333 1410 380 revisunt.

157 399 386 446 Constitit
405 400 617 446 Anchisa
642 408 789 455 satus,
828 407 875 446 et
901 401 1101 458 vestigia
1126 399 1313 462 pressit,

155 465 969 527 Multaputans,sortemqueanimo
984 465 1464 527 miseratusiniquam.

156 531 320 578 Cernit
340 531 406 577 ibi
432 540 642 587 moestos,
681 540 731 577 et
757 531 922 577 mortis
951 532 1125 578 honore
1151 541 1384 587 carentes,

154 597 460 658 Leucaspim,
488 606 536 643 et
557 598 717 659 Lyciae
743 596 994 644 ductorem
1022 598 1183 644 classis
1207 598 1462 645 Orontem:

155 663 290 717 Quos
318 664 456 709 simul
481 679 507 709 a
531 663 682 724 Troja
707 671 906 709 ventosa
930 679 1017 725 per
1044 680 1239 726 aequora
1265 674 1428 710 vectos

155 729 533 787 ObruitAuster,
547 730 675 790 aqua
693 729 936 776 involvens
949 746 1214 791 navemque
1227 730 1467 793 virosque.

222 797 349 842 Ecce
376 796 666 858 gubernator
691 812 795 843 sese
819 796 1071 842 Palinurus
1096 796 1294 856 agebat:

157 861 254 916 Qui
271 862 455 924 Libyco
480 878 632 924 nuper
657 879 815 920 cursu,
843 862 957 908 dum
981 862 1132 908 sidera
1168 870 1338 917 servat,

155 928 415 975 Exciderat
439 930 604 990 puppi,
645 929 806 975 mediis
843 928 1022 975 effusus
1047 928 1090 974 iu
1117 927 1272 974 undis.
1377 934 1473 984 339

155 995 300 1041 Hunc
328 995 411 1041 ubi
437 996 513 1041 vix
539 996 692 1041 multa
718 1003 937 1042 moestum
959 995 1185 1056 cognovit
1209 996 1255 1040 in
1284 995 1471 1051 umbra,

157 1060 237 1106 Sic
263 1061 391 1123 prior
409 1062 705 1124 alloquitur:
746 1062 866 1116 Quis
893 1072 954 1118 te,
984 1062 1221 1118 Palinure,
1262 1063 1473 1107 Deorum

156 1127 348 1189 Eripuit
373 1128 529 1184 nobis,
559 1128 819 1189 medioque
847 1129 934 1173 sub
961 1144 1151 1189 aequore
1171 1127 1375 1173 mersit?

156 1193 268 1249 Die,
307 1210 420 1256 age:
449 1210 654 1256 namque
672 1195 802 1249 mihi,
819 1194 960 1240 fallax
979 1193 1101 1239 haud
1117 1195 1224 1239 ante
1244 1201 1472 1256 repertus,

157 1259 266 1306 Hoc
293 1276 388 1305 uno
415 1276 644 1323 responso
670 1262 879 1307 animum
906 1260 1078 1307 delusit
1106 1260 1307 1321 Apollo;

159 1325 255 1379 Qui
281 1325 382 1373 fore
398 1335 442 1372 te
463 1336 614 1388 ponto
636 1327 944 1381 incolumem,
967 1325 1178 1388 finesque
1204 1327 1409 1372 canebat

156 1392 424 1439 Venturum
448 1394 712 1448 Ausonios3
733 1394 815 1439 en!
846 1393 950 1439 haec
976 1393 1217 1455 promissa
1241 1392 1363 1438 fides
1375 1391 1478 1439 est'!

155 1457 241 1505 Ille
261 1468 446 1507 autem:
475 1461 642 1522 Neque
668 1469 715 1506 te
743 1459 909 1506 Fhoebi
935 1468 1119 1505 cortma
1144 1458 1328 1514 fefellit,

156 1525 271 1571 Dux
291 1526 603 1581 Anchisiada,
642 1541 729 1573 nec
749 1543 824 1573 me
850 1527 980 1571 Deus
1005 1541 1195 1587 aequore
1221 1525 1401 1572 mersit.

154 1590 380 1653 Namque
404 1593 751 1654 gubernaclum
780 1592 927 1639 multa
952 1593 999 1638 vi
1025 1591 1149 1638 forte
1174 1593 1434 1648 revulsum,

158 1657 246 1703 Cui
272 1658 415 1705 datus
444 1659 678 1705 haerebam
706 1668 880 1714 custos,
921 1674 1183 1718 cursusque
1203 1659 1444 1719 regebam,

157 1723 462 1786 Praecipitans
488 1725 611 1771 traxi
633 1741 836 1772 mecum.
875 1725 1031 1770 Maria
1050 1724 1361 1785 as}›erajur0‚
1381 1731 1471 1772 351

155 1790 264 1836 Non
293 1791 439 1837 ullum
466 1808 555 1855 pro
581 1808 655 1838 me
675 1800 861 1839 tantum
889 1793 1071 1853 cepisse
1092 1791 1340 1844 'timorenu

158 1856 317 1910 Quam
343 1867 424 1904 tua
448 1874 522 1914 ne,
563 1858 767 1919 spoliata
792 1858 948 1913 armi5‚
976 1873 1179 1903 excussa
1205 1857 1454 1918 magistro,

156 1922 405 1970 Deficeret
430 1925 573 1971 tantis
600 1925 729 1971 navis
754 1923 1055 1986 surgentibus
1082 1922 1243 1969 undis.

155 1989 278 2036 Tres
299 1990 452 2036 Notus
475 1991 712 2053 hybernas
734 1991 963 2037 immensa
985 2007 1070 2053 per
1089 2005 1280 2052 aequora
1306 1997 1476 2036 noctes

155 2055 297 2102 Vexit
321 2073 396 2102 me
422 2057 653 2103 violentus
680 2058 806 2119 aqu-51
833 2073 843 2102 :
881 2058 957 2102 vix
983 2056 1160 2103 lumine
1188 2064 1362 2117 quarto

154 2121 603 2184 Proepexistafiam,
643 2125 826 2169 summa
857 2123 1070 2169 sublimis
1096 2124 1157 2167 ab
1183 2124 1327 2168 unda.

155 2187 390 2235 Paulatim
416 2190 655 2237 adnabam
681 2198 818 2237 terrae
850 2206 861 2244 ;
891 2190 993 2249 jam
1020 2197 1123 2235 tuta
1149 2189 1373 2235 tenebam
1397 2207 1410 2245 ;

155 2252 218 2300 Ni
244 2271 355 2315 gens
384 2256 589 2302 crudelis
616 2256 809 2302 madida
841 2272 951 2302 cum
977 2263 1104 2302 veste
1131 2264 1404 2318 gravatum,

154 2319 554 2385 Prensantemque
563 2322 699 2369 uncis
712 2322 1097 2385 manibuscapita
1106 2337 1275 2384 aspera
1289 2322 1478 2379 montis,

155 2387 298 2433 l-'erro
316 2389 575 2445 invasisset,
596 2388 914 2452 praedamque
939 2387 1100 2451 ignara
1121 2389 1356 2449 putasset.
1381 2387 1475 2436 361

156 2453 569 2502 Nuncmefluctus
584 2455 746 2511 habet,
769 2462 1055 2517 versantque
1079 2454 1126 2500 iu
1152 2454 1311 2501 littore
1331 2455 1476 2502 venti.
