1607 2700
224 80 313 123 182
548 88 596 122 Ρ.
637 87 883 123 V1RG1L11
912 89 1174 124 MARoNrs

221 206 432 254 Extinxti
453 225 526 255 me
551 215 711 270 teque,
738 224 885 265 soror,
904 210 1247 271 populumque,
1270 218 1520 273 patresque

221 272 461 332 Sidonios,
484 275 744 337 urbemque
762 282 908 322 tuam.
940 277 1078 332 Date,
1101 277 1297 323 vulnera
1314 276 1520 339 lymphis

220 339 456 397 Abluam;
495 351 543 390 et
561 349 795 388 extremus
821 342 860 388 si
885 342 991 404 quis
1017 359 1159 405 super
1184 344 1353 389 halitus
1378 353 1518 402 errat,

220 405 316 451 Ore
336 406 504 471 legam.
574 409 653 454 Sic
677 407 790 462 fata,
816 407 991 469 gradus
1015 418 1224 455 evaserat
1250 409 1386 466 altos,

220 471 642 536 Semianimemque
668 473 771 519 sinu
797 489 1064 535 germanam
1089 475 1302 537 amplexa
1328 475 1520 523 fovebat

220 538 337 584 Cum
363 541 557 602 gemitu,
580 550 723 601 atque
760 548 885 585 atros
912 539 1126 587 siccabat
1149 550 1275 588 veste
1310 558 1517 590 cruores.

218 604 322 660 Illa,
353 623 516 666 graves
537 605 703 652 oculos
729 615 899 651 conata
925 606 1154 663 attollere,
1181 624 1341 655 rursus

219 670 418 719 Deficit:
457 671 652 718 infixum
675 670 828 717 stridit
848 671 937 717 sub
962 681 1156 735 pectore
1177 675 1363 720 vulnus.

215 736 314 783 Ter
337 755 434 786 sese
459 739 678 785 attollens
704 738 964 800 cubitoque
988 739 1143 785 innixa
1161 740 1350 796 levavit,
1421 739 1517 797 690

216 802 314 850 Ter
336 805 549 852 revoluta
570 813 673 852 toro
698 812 800 862 est3
837 805 1084 867 oculisque
1116 807 1393 863 errantibus,
1421 809 1517 854 alto

216 869 450 924 Quaesivit
470 872 590 919 coelo
615 872 788 927 lucem,
816 871 1138 935 ingemuitque
1164 874 1363 935 reperta.

279 937 406 984 Tum
430 939 556 986 Juno
582 938 903 1000 omnipotenS,
930 938 1117 999 longum
1145 939 1358 986 miserata
1385 938 1517 985 dolo-

214 1001 543 1069 Difficilesque
563 1005 738 1061 obitus,
765 1005 876 1051 Irim
903 1003 1088 1051 demisit
1113 1005 1342 1068 Olympo,
1379 1008 1513 1069 [rem,

214 1069 336 1124 Quae
357 1072 613 1118 luctantem
624 1071 828 1118 animam
842 1088 1079 1133 nexosque
1096 1073 1349 1120 resolveret
1367 1082 1514 1121 artus.

213 1136 353 1193 Nam,
382 1138 495 1199 quia
518 1155 604 1185 nec
630 1138 742 1195 fato,
772 1138 939 1185 merita
964 1153 1050 1185 nec
1077 1147 1224 1185 morte
1249 1140 1464 1201 peribat,

214 1202 309 1249 Sed
332 1204 496 1253 misera
521 1212 628 1251 ante
653 1204 796 1262 diem,
825 1205 1080 1267 subitoque
1105 1221 1301 1252 accensa
1326 1206 1511 1260 furore;

212 1266 438 1317 Nondum
464 1271 530 1317 illi
554 1271 644 1317 flav
650 1287 727 1317 um
749 1271 1030 1334 Proserpina
1054 1271 1229 1318 vertice
1250 1273 1424 1319 crinem

210 1335 505 1395 Abstulerat,
534 1339 615 1401 St)
621 1337 793 1400 gioque
819 1346 967 1400 caput
986 1337 1292 1385 damnaverat
1317 1340 1462 1386 Orco.

211 1402 338 1464 Ergo
362 1404 447 1450 Iris
473 1405 651 1451 croceis
677 1421 759 1466 per
784 1404 956 1451 coelum
979 1404 1163 1451 roscida
1186 1406 1366 1467 pennis,
1418 1413 1512 1460 700

212 1468 346 1516 Mille
372 1472 555 1518 trahens
579 1471 732 1517 varios
753 1471 954 1517 adverso
981 1471 1090 1518 Sole
1117 1472 1315 1527 coloreS,

209 1534 431 1594 Devolat,
457 1546 505 1583 et
541 1553 684 1600 supra
707 1545 856 1600 caput
878 1537 1058 1584 astitit:
1097 1539 1241 1584 Hunc
1267 1555 1354 1599 ego
1380 1537 1479 1583 Diti

210 1601 404 1650 Sacrum
422 1604 562 1664 jussa
587 1605 700 1660 fero,
728 1612 869 1666 teque
893 1604 986 1650 isto
1011 1620 1212 1666 corpore
1233 1606 1378 1650 solve.

209 1667 289 1714 Sic
313 1669 391 1726 ait,
418 1677 468 1716 et
489 1670 652 1716 dextra
676 1669 853 1716 crinem
878 1678 1035 1717 secat:
1073 1671 1228 1716 omnis
1253 1679 1301 1717 et
1322 1669 1413 1717 una

210 1734 437 1798 Dilapsus
461 1737 605 1793 calor,
632 1744 775 1798 atque
800 1736 847 1782 in
868 1749 1033 1784 ventos
1058 1737 1153 1783 vita
1179 1737 1388 1783 recessit.

657 1863 1050 1887 w—

735 1951 913 1994 LIBER
932 1953 984 1990 V.

210 2049 476 2108 INTEREA
505 2060 710 2108 medium
736 2061 906 2107 AEneas
925 2060 1026 2122 jam
1053 2059 1203 2105 classe
1228 2057 1420 2104 tenebat

212 2129 380 2177 Certus
406 2127 508 2187 iter,
535 2127 805 2189 fluctusque
829 2136 957 2174 atros
982 2125 1223 2187 Aquilone
1248 2124 1438 2171 secabat
1463 2140 1474 2177 ;

209 2193 391 2242 Moenia
414 2194 688 2257 respiciens,
715 2209 823 2255 quae
840 2193 944 2254 jam
969 2191 1164 2239 infelicis
1191 2191 1355 2237 Elissae

210 2260 462 2308 collucent
476 2260 698 2306 flammis:
726 2276 832 2322 quae
844 2268 1025 2307 tantum
1043 2256 1344 2305 accenderit'
1334 2272 1507 2319 ignem,

211 2328 366 2374 Causa
391 2326 537 2383 latet;
576 2327 681 2374 duri
709 2343 877 2387 magno
901 2325 982 2373 sed
1007 2341 1166 2371 amore
1192 2323 1378 2370 dolores

211 2393 413 2448 Polluto,
451 2401 728 2468 notumque,
752 2393 910 2439 furens
935 2391 1051 2455 quid
1076 2390 1270 2437 foemina
1292 2388 1457 2452 possit,

208 2460 365 2508 Triste
390 2475 475 2523 per
499 2460 745 2523 augurium
770 2460 1067 2507 Teucrorum
1091 2467 1288 2521 pectora
1306 2455 1503 2503 ducunt.
