<?xml version="1.0" encoding="UTF-8"?>
<!DOCTYPE html PUBLIC "-//W3C//DTD XHTML 1.0 Transitional//EN"
    "http://www.w3.org/TR/xhtml1/DTD/xhtml1-transitional.dtd">
<html xmlns="http://www.w3.org/1999/xhtml" xml:lang="en" lang="en">
 <head>
  <title>
</title>
<meta http-equiv="Content-Type" content="text/html;charset=utf-8" />
  <meta name='ocr-system' content='tesseract 3.04.00' />
  <meta name='ocr-capabilities' content='ocr_page ocr_carea ocr_par ocr_line ocrx_word'/>
</head>
<body>
  <div class='ocr_page' id='page_1' title='image "./operaadfidemopti00virguoft/operaadfidemopti00virguoft_0256.png"; bbox 0 0 1607 2700; ppageno 0'>
   <div class='ocr_carea' id='block_1_1' title="bbox 216 105 1188 147">
    <p class='ocr_par' dir='ltr' id='par_1_1' title="bbox 216 105 1188 147">
     <span class='ocr_line' id='line_1_1' title="bbox 216 105 1188 147; baseline 0 -1"><span class='ocrx_word' id='word_1_1' title='bbox 216 105 312 146; x_wconf 74' lang='lat'>252</span> <span class='ocrx_word' id='word_1_2' title='bbox 548 113 595 147; x_wconf 79' lang='lat' dir='ltr'>P.</span> <span class='ocrx_word' id='word_1_3' title='bbox 637 112 883 147; x_wconf 76' lang='lat' dir='ltr'>vmcrmr</span> <span class='ocrx_word' id='word_1_4' title='bbox 925 112 1188 147; x_wconf 59' lang='lat' dir='ltr'>MARor-:ts</span> 
     </span>
    </p>
   </div>
   <div class='ocr_carea' id='block_1_2' title="bbox 188 229 1518 2552">
    <p class='ocr_par' dir='ltr' id='par_1_2' title="bbox 188 229 1518 2552">
     <span class='ocr_line' id='line_1_2' title="bbox 213 229 1517 295; baseline 0.004 -20"><span class='ocrx_word' id='word_1_5' title='bbox 213 229 402 277; x_wconf 84' lang='lat' dir='ltr'>Turnus</span> <span class='ocrx_word' id='word_1_6' title='bbox 428 231 578 287; x_wconf 88' lang='lat' dir='ltr'>adest,</span> <span class='ocrx_word' id='word_1_7' title='bbox 600 233 855 295; x_wconf 87' lang='lat' dir='ltr'>medioque</span> <span class='ocrx_word' id='word_1_8' title='bbox 872 233 915 279; x_wconf 88' lang='lat' dir='ltr'>in</span> <span class='ocrx_word' id='word_1_9' title='bbox 934 232 1140 288; x_wconf 84' lang='lat' dir='ltr'>crimine,</span> <span class='ocrx_word' id='word_1_10' title='bbox 1169 230 1310 277; x_wconf 83' lang='lat' dir='ltr'>caedis</span> <span class='ocrx_word' id='word_1_11' title='bbox 1331 241 1377 278; x_wconf 86' lang='lat' dir='ltr'>et</span> <span class='ocrx_word' id='word_1_12' title='bbox 1398 233 1517 295; x_wconf 78' lang='lat' dir='ltr'>ignis</span> 
     </span>
     <span class='ocr_line' id='line_1_3' title="bbox 209 296 1469 360; baseline 0.002 -18"><span class='ocrx_word' id='word_1_13' title='bbox 209 296 462 343; x_wconf 85' lang='lat' dir='ltr'>Terrorem</span> <span class='ocrx_word' id='word_1_14' title='bbox 487 298 775 360; x_wconf 75' lang='lat' dir='ltr'>ingeminat:</span> <span class='ocrx_word' id='word_1_15' title='bbox 812 299 1030 346; x_wconf 89' lang='lat' dir='ltr'>Teucros</span> <span class='ocrx_word' id='word_1_16' title='bbox 1055 299 1101 344; x_wconf 86' lang='lat' dir='ltr'>in</span> <span class='ocrx_word' id='word_1_17' title='bbox 1127 314 1271 356; x_wconf 74' lang='lat' dir='ltr'>regna</span> <span class='ocrx_word' id='word_1_18' title='bbox 1297 302 1469 355; x_wconf 82' lang='lat' dir='ltr'>vocari,</span> 
     </span>
     <span class='ocr_line' id='line_1_4' title="bbox 209 363 1397 428; baseline 0.003 -20"><span class='ocrx_word' id='word_1_19' title='bbox 209 363 412 424; x_wconf 80' lang='lat' dir='ltr'><strong>Stirpem</strong></span> <span class='ocrx_word' id='word_1_20' title='bbox 433 364 685 411; x_wconf 77' lang='lat' dir='ltr'>admisceri</span> <span class='ocrx_word' id='word_1_21' title='bbox 710 366 980 428; x_wconf 70' lang='lat' dir='ltr'>Phrygiam,</span> <span class='ocrx_word' id='word_1_22' title='bbox 1007 382 1057 412; x_wconf 87' lang='lat' dir='ltr'>se</span> <span class='ocrx_word' id='word_1_23' title='bbox 1081 365 1240 411; x_wconf 87' lang='lat' dir='ltr'>limine</span> <span class='ocrx_word' id='word_1_24' title='bbox 1267 366 1397 426; x_wconf 83' lang='lat' dir='ltr'>pelli.</span> 
     </span>
     <span class='ocr_line' id='line_1_5' title="bbox 207 428 1517 492; baseline 0.003 -19"><span class='ocrx_word' id='word_1_25' title='bbox 207 428 352 486; x_wconf 91' lang='lat' dir='ltr'>Tum,</span> <span class='ocrx_word' id='word_1_26' title='bbox 381 447 582 492; x_wconf 89' lang='lat' dir='ltr'>quorum</span> <span class='ocrx_word' id='word_1_27' title='bbox 608 433 824 478; x_wconf 79' lang='lat' dir='ltr'>attonita:</span> <span class='ocrx_word' id='word_1_28' title='bbox 851 433 1040 477; x_wconf 86' lang='lat' dir='ltr'>Baccho</span> <span class='ocrx_word' id='word_1_29' title='bbox 1060 447 1254 477; x_wconf 80' lang='lat' dir='ltr'>nemora</span> <span class='ocrx_word' id='word_1_30' title='bbox 1295 432 1399 477; x_wconf 81' lang='lat' dir='ltr'>avia</span> <span class='ocrx_word' id='word_1_31' title='bbox 1425 449 1517 478; x_wconf 86' lang='lat' dir='ltr'>ma-</span> 
     </span>
     <span class='ocr_line' id='line_1_6' title="bbox 338 504 1517 546; baseline 0.002 -4"><span class='ocrx_word' id='word_1_32' title='bbox 338 504 435 542; x_wconf 87' lang='lat' dir='ltr'>tres</span> <span class='ocrx_word' id='word_1_33' title='bbox 1421 506 1517 546; x_wconf 83' lang='lat'>580</span> 
     </span>
     <span class='ocr_line' id='line_1_7' title="bbox 206 560 1518 624; baseline 0.005 -19"><span class='ocrx_word' id='word_1_34' title='bbox 206 560 446 609; x_wconf 87' lang='lat' dir='ltr'>Insultant</span> <span class='ocrx_word' id='word_1_35' title='bbox 465 563 625 610; x_wconf 82' lang='lat' dir='ltr'>thiasis</span> <span class='ocrx_word' id='word_1_36' title='bbox 647 568 822 624; x_wconf 86' lang='lat' dir='ltr'>(neque</span> <span class='ocrx_word' id='word_1_37' title='bbox 847 562 971 610; x_wconf 90' lang='lat' dir='ltr'>enim</span> <span class='ocrx_word' id='word_1_38' title='bbox 995 562 1095 608; x_wconf 86' lang='lat' dir='ltr'>leve</span> <span class='ocrx_word' id='word_1_39' title='bbox 1116 579 1286 609; x_wconf 91' lang='lat' dir='ltr'>nomen</span> <span class='ocrx_word' id='word_1_40' title='bbox 1313 566 1518 622; x_wconf 83' lang='lat' dir='ltr'>Amatae)</span> 
     </span>
     <span class='ocr_line' id='line_1_8' title="bbox 205 627 1418 691; baseline 0.004 -19"><span class='ocrx_word' id='word_1_41' title='bbox 205 627 433 691; x_wconf 85' lang='lat' dir='ltr'>Undique</span> <span class='ocrx_word' id='word_1_42' title='bbox 458 629 649 676; x_wconf 85' lang='lat' dir='ltr'>collecti</span> <span class='ocrx_word' id='word_1_43' title='bbox 668 635 858 685; x_wconf 74' lang='lat' dir='ltr'>coeunt,</span> <span class='ocrx_word' id='word_1_44' title='bbox 882 629 1182 690; x_wconf 76' lang='lat' dir='ltr'>Martemque</span> <span class='ocrx_word' id='word_1_45' title='bbox 1203 630 1418 690; x_wconf 71' lang='lat' dir='ltr'>fatigant.</span> 
     </span>
     <span class='ocr_line' id='line_1_9' title="bbox 203 692 1382 751; baseline 0.004 -14"><span class='ocrx_word' id='word_1_46' title='bbox 203 692 340 741; x_wconf 89' lang='lat' dir='ltr'>Ilicet</span> <span class='ocrx_word' id='word_1_47' title='bbox 359 695 602 741; x_wconf 87' lang='lat' dir='ltr'>infandum</span> <span class='ocrx_word' id='word_1_48' title='bbox 630 695 792 742; x_wconf 89' lang='lat' dir='ltr'>cuncti</span> <span class='ocrx_word' id='word_1_49' title='bbox 819 702 987 741; x_wconf 85' lang='lat' dir='ltr'>contra</span> <span class='ocrx_word' id='word_1_50' title='bbox 1010 696 1170 741; x_wconf 87' lang='lat' dir='ltr'>omina</span> <span class='ocrx_word' id='word_1_51' title='bbox 1192 696 1382 751; x_wconf 92' lang='lat' dir='ltr'>bellum,</span> 
     </span>
     <span class='ocr_line' id='line_1_10' title="bbox 203 759 1414 823; baseline 0.005 -19"><span class='ocrx_word' id='word_1_52' title='bbox 203 759 381 806; x_wconf 84' lang='lat' dir='ltr'>Contra</span> <span class='ocrx_word' id='word_1_53' title='bbox 405 761 504 808; x_wconf 87' lang='lat' dir='ltr'>fata</span> <span class='ocrx_word' id='word_1_54' title='bbox 529 762 701 817; x_wconf 76' lang='lat' dir='ltr'>Defim,</span> <span class='ocrx_word' id='word_1_55' title='bbox 729 777 950 823; x_wconf 86' lang='lat' dir='ltr'>perverso</span> <span class='ocrx_word' id='word_1_56' title='bbox 976 761 1167 807; x_wconf 89' lang='lat' dir='ltr'>numine</span> <span class='ocrx_word' id='word_1_57' title='bbox 1193 773 1414 822; x_wconf 87' lang='lat' dir='ltr'>poscunt.</span> 
     </span>
     <span class='ocr_line' id='line_1_11' title="bbox 203 825 1254 890; baseline 0.004 -20"><span class='ocrx_word' id='word_1_58' title='bbox 203 825 428 873; x_wconf 78' lang='lat' dir='ltr'>Certatim</span> <span class='ocrx_word' id='word_1_59' title='bbox 451 829 569 890; x_wconf 85' lang='lat' dir='ltr'>regis</span> <span class='ocrx_word' id='word_1_60' title='bbox 590 829 902 875; x_wconf 83' lang='lat' dir='ltr'>circumstant</span> <span class='ocrx_word' id='word_1_61' title='bbox 927 835 1056 874; x_wconf 87' lang='lat' dir='ltr'>tecta</span> <span class='ocrx_word' id='word_1_62' title='bbox 1083 828 1254 874; x_wconf 88' lang='lat' dir='ltr'>Latini.</span> 
     </span>
     <span class='ocr_line' id='line_1_12' title="bbox 201 891 1270 956; baseline 0.005 -21"><span class='ocrx_word' id='word_1_63' title='bbox 201 891 302 948; x_wconf 88' lang='lat' dir='ltr'>Ille,</span> <span class='ocrx_word' id='word_1_64' title='bbox 330 894 460 941; x_wconf 87' lang='lat' dir='ltr'>velut</span> <span class='ocrx_word' id='word_1_65' title='bbox 483 894 636 956; x_wconf 83' lang='lat' dir='ltr'>pelagi</span> <span class='ocrx_word' id='word_1_66' title='bbox 660 911 801 954; x_wconf 85' lang='lat' dir='ltr'>rupes</span> <span class='ocrx_word' id='word_1_67' title='bbox 826 895 1037 950; x_wconf 89' lang='lat' dir='ltr'>immota,</span> <span class='ocrx_word' id='word_1_68' title='bbox 1064 893 1270 940; x_wconf 87' lang='lat' dir='ltr'>resistit:</span> 
     </span>
     <span class='ocr_line' id='line_1_13' title="bbox 201 957 1295 1022; baseline 0.003 -19"><span class='ocrx_word' id='word_1_69' title='bbox 201 957 268 1004; x_wconf 90' lang='lat' dir='ltr'>Ut</span> <span class='ocrx_word' id='word_1_70' title='bbox 293 959 450 1022; x_wconf 84' lang='lat' dir='ltr'>pelagi</span> <span class='ocrx_word' id='word_1_71' title='bbox 471 977 630 1022; x_wconf 87' lang='lat' dir='ltr'>rupes,</span> <span class='ocrx_word' id='word_1_72' title='bbox 661 976 827 1021; x_wconf 83' lang='lat' dir='ltr'>magno</span> <span class='ocrx_word' id='word_1_73' title='bbox 853 960 1068 1006; x_wconf 89' lang='lat' dir='ltr'>veniente</span> <span class='ocrx_word' id='word_1_74' title='bbox 1094 960 1295 1022; x_wconf 81' lang='lat' dir='ltr'>fragore,</span> 
     </span>
     <span class='ocr_line' id='line_1_14' title="bbox 200 1025 1512 1089; baseline 0.003 -20"><span class='ocrx_word' id='word_1_75' title='bbox 200 1025 323 1078; x_wconf 80' lang='lat' dir='ltr'>Quae</span> <span class='ocrx_word' id='word_1_76' title='bbox 343 1043 461 1083; x_wconf 84' lang='lat' dir='ltr'>sese,</span> <span class='ocrx_word' id='word_1_77' title='bbox 484 1028 647 1074; x_wconf 88' lang='lat' dir='ltr'>multis</span> <span class='ocrx_word' id='word_1_78' title='bbox 669 1025 1146 1073; x_wconf 72' lang='lat' dir='ltr'>circumlatrantibus</span> <span class='ocrx_word' id='word_1_79' title='bbox 1167 1027 1328 1084; x_wconf 83' lang='lat' dir='ltr'>undiS,</span> <span class='ocrx_word' id='word_1_80' title='bbox 1384 1027 1512 1089; x_wconf 78' lang='lat' dir='ltr'>[cum</span> 
     </span>
     <span class='ocr_line' id='line_1_15' title="bbox 205 1089 1517 1156; baseline 0.003 -21"><span class='ocrx_word' id='word_1_81' title='bbox 205 1089 331 1137; x_wconf 86' lang='lat' dir='ltr'>Mole</span> <span class='ocrx_word' id='word_1_82' title='bbox 358 1100 507 1147; x_wconf 87' lang='lat' dir='ltr'>tenet;</span> <span class='ocrx_word' id='word_1_83' title='bbox 547 1093 733 1156; x_wconf 86' lang='lat' dir='ltr'>scopuli</span> <span class='ocrx_word' id='word_1_84' title='bbox 777 1092 1090 1155; x_wconf 88' lang='lat' dir='ltr'>nequicquam</span> <span class='ocrx_word' id='word_1_85' title='bbox 1117 1100 1165 1138; x_wconf 87' lang='lat' dir='ltr'>et</span> <span class='ocrx_word' id='word_1_86' title='bbox 1189 1110 1383 1155; x_wconf 86' lang='lat' dir='ltr'>spumea</span> <span class='ocrx_word' id='word_1_87' title='bbox 1428 1095 1517 1140; x_wconf 79' lang='lat' dir='ltr'>cir·</span> 
     </span>
     <span class='ocr_line' id='line_1_16' title="bbox 198 1157 1514 1221; baseline 0.003 -19"><span class='ocrx_word' id='word_1_88' title='bbox 198 1157 323 1203; x_wconf 80' lang='lat' dir='ltr'>Saxa</span> <span class='ocrx_word' id='word_1_89' title='bbox 350 1158 573 1214; x_wconf 86' lang='lat' dir='ltr'>fremunt,</span> <span class='ocrx_word' id='word_1_90' title='bbox 600 1161 828 1220; x_wconf 73' lang='lat' dir='ltr'>laterique</span> <span class='ocrx_word' id='word_1_91' title='bbox 848 1160 969 1205; x_wconf 91' lang='lat' dir='ltr'>illisa</span> <span class='ocrx_word' id='word_1_92' title='bbox 983 1158 1252 1206; x_wconf 86' lang='lat' dir='ltr'>refunditur</span> <span class='ocrx_word' id='word_1_93' title='bbox 1272 1160 1393 1221; x_wconf 74' lang='lat' dir='ltr'>alga.</span> <span class='ocrx_word' id='word_1_94' title='bbox 1419 1167 1514 1217; x_wconf 83' lang='lat'>590</span> 
     </span>
     <span class='ocr_line' id='line_1_17' title="bbox 198 1222 1512 1288; baseline 0.002 -19"><span class='ocrx_word' id='word_1_95' title='bbox 198 1222 372 1270; x_wconf 79' lang='lat' dir='ltr'>Verum</span> <span class='ocrx_word' id='word_1_96' title='bbox 396 1226 476 1271; x_wconf 90' lang='lat' dir='ltr'>ubi</span> <span class='ocrx_word' id='word_1_97' title='bbox 498 1226 624 1272; x_wconf 82' lang='lat' dir='ltr'>nulla</span> <span class='ocrx_word' id='word_1_98' title='bbox 638 1227 778 1273; x_wconf 86' lang='lat' dir='ltr'>datur</span> <span class='ocrx_word' id='word_1_99' title='bbox 797 1242 983 1272; x_wconf 83' lang='lat' dir='ltr'>caecum</span> <span class='ocrx_word' id='word_1_100' title='bbox 1003 1242 1286 1288; x_wconf 83' lang='lat' dir='ltr'>exsuperare</span> <span class='ocrx_word' id='word_1_101' title='bbox 1305 1237 1512 1287; x_wconf 72' lang='lat' dir='ltr'>potestas</span> 
     </span>
     <span class='ocr_line' id='line_1_18' title="bbox 196 1289 1356 1347; baseline 0.003 -13"><span class='ocrx_word' id='word_1_102' title='bbox 196 1289 477 1347; x_wconf 86' lang='lat' dir='ltr'>Consilium,</span> <span class='ocrx_word' id='word_1_103' title='bbox 504 1303 553 1339; x_wconf 88' lang='lat' dir='ltr'>et</span> <span class='ocrx_word' id='word_1_104' title='bbox 579 1309 721 1339; x_wconf 80' lang='lat' dir='ltr'>saevae</span> <span class='ocrx_word' id='word_1_105' title='bbox 749 1299 866 1338; x_wconf 90' lang='lat' dir='ltr'>nutu</span> <span class='ocrx_word' id='word_1_106' title='bbox 891 1293 1092 1338; x_wconf 81' lang='lat' dir='ltr'>Junonis</span> <span class='ocrx_word' id='word_1_107' title='bbox 1117 1302 1228 1338; x_wconf 89' lang='lat' dir='ltr'>eunt</span> <span class='ocrx_word' id='word_1_108' title='bbox 1254 1309 1356 1347; x_wconf 89' lang='lat' dir='ltr'>res;</span> 
     </span>
     <span class='ocr_line' id='line_1_19' title="bbox 195 1356 1379 1421; baseline 0.003 -21"><span class='ocrx_word' id='word_1_109' title='bbox 195 1356 349 1402; x_wconf 84' lang='lat' dir='ltr'>Multa</span> <span class='ocrx_word' id='word_1_110' title='bbox 373 1359 518 1414; x_wconf 87' lang='lat' dir='ltr'>Deos,</span> <span class='ocrx_word' id='word_1_111' title='bbox 540 1375 772 1420; x_wconf 84' lang='lat' dir='ltr'>aurasque</span> <span class='ocrx_word' id='word_1_112' title='bbox 797 1368 934 1421; x_wconf 87' lang='lat' dir='ltr'>pater</span> <span class='ocrx_word' id='word_1_113' title='bbox 958 1367 1160 1404; x_wconf 81' lang='lat' dir='ltr'>testatus</span> <span class='ocrx_word' id='word_1_114' title='bbox 1186 1361 1346 1404; x_wconf 83' lang='lat' dir='ltr'>inanes</span> <span class='ocrx_word' id='word_1_115' title='bbox 1370 1375 1379 1403; x_wconf 92' lang='lat'>:</span> 
     </span>
     <span class='ocr_line' id='line_1_20' title="bbox 200 1422 1510 1487; baseline 0.005 -20"><span class='ocrx_word' id='word_1_116' title='bbox 200 1422 477 1484; x_wconf 87' lang='lat' dir='ltr'>Frangimur</span> <span class='ocrx_word' id='word_1_117' title='bbox 504 1427 594 1472; x_wconf 79' lang='lat' dir='ltr'>heu</span> <span class='ocrx_word' id='word_1_118' title='bbox 611 1425 738 1480; x_wconf 84' lang='lat' dir='ltr'>fatis,</span> <span class='ocrx_word' id='word_1_119' title='bbox 766 1425 937 1486; x_wconf 91' lang='lat' dir='ltr'>inquit,</span> <span class='ocrx_word' id='word_1_120' title='bbox 964 1424 1255 1487; x_wconf 69' lang='lat' dir='ltr'>serimusque</span> <span class='ocrx_word' id='word_1_121' title='bbox 1282 1427 1510 1487; x_wconf 69' lang='lat' dir='ltr'>procellii.</span> 
     </span>
     <span class='ocr_line' id='line_1_21' title="bbox 195 1488 1362 1554; baseline 0.003 -21"><span class='ocrx_word' id='word_1_122' title='bbox 195 1488 294 1550; x_wconf 83' lang='lat' dir='ltr'>Ipsi</span> <span class='ocrx_word' id='word_1_123' title='bbox 319 1490 402 1537; x_wconf 83' lang='lat' dir='ltr'>lias</span> <span class='ocrx_word' id='word_1_124' title='bbox 427 1492 657 1554; x_wconf 85' lang='lat' dir='ltr'>sacrilego</span> <span class='ocrx_word' id='word_1_125' title='bbox 681 1492 902 1553; x_wconf 85' lang='lat' dir='ltr'>pendetis</span> <span class='ocrx_word' id='word_1_126' title='bbox 931 1493 1159 1553; x_wconf 84' lang='lat' dir='ltr'>sanguine</span> <span class='ocrx_word' id='word_1_127' title='bbox 1182 1509 1362 1553; x_wconf 78' lang='lat' dir='ltr'>poenas,</span> 
     </span>
     <span class='ocr_line' id='line_1_22' title="bbox 197 1555 1407 1614; baseline 0.004 -14"><span class='ocrx_word' id='word_1_128' title='bbox 197 1555 242 1600; x_wconf 90' lang='lat' dir='ltr'>O</span> <span class='ocrx_word' id='word_1_129' title='bbox 266 1560 418 1604; x_wconf 86' lang='lat' dir='ltr'>miseri</span> <span class='ocrx_word' id='word_1_130' title='bbox 441 1559 451 1604; x_wconf 92' lang='lat'>!</span> <span class='ocrx_word' id='word_1_131' title='bbox 491 1568 552 1614; x_wconf 90' lang='lat' dir='ltr'>te,</span> <span class='ocrx_word' id='word_1_132' title='bbox 578 1559 756 1613; x_wconf 86' lang='lat' dir='ltr'>Turne,</span> <span class='ocrx_word' id='word_1_133' title='bbox 784 1558 935 1614; x_wconf 83' lang='lat' dir='ltr'>nefaS,</span> <span class='ocrx_word' id='word_1_134' title='bbox 963 1568 1008 1604; x_wconf 91' lang='lat' dir='ltr'>te</span> <span class='ocrx_word' id='word_1_135' title='bbox 1035 1560 1165 1604; x_wconf 87' lang='lat' dir='ltr'>triste</span> <span class='ocrx_word' id='word_1_136' title='bbox 1195 1560 1407 1605; x_wconf 85' lang='lat' dir='ltr'>manebit</span> 
     </span>
     <span class='ocr_line' id='line_1_23' title="bbox 195 1621 1409 1686; baseline 0.005 -20"><span class='ocrx_word' id='word_1_137' title='bbox 195 1621 499 1685; x_wconf 85' lang='lat' dir='ltr'>Supplicium</span> <span class='ocrx_word' id='word_1_138' title='bbox 524 1641 535 1678; x_wconf 87' lang='lat'><em>;</em></span> <span class='ocrx_word' id='word_1_139' title='bbox 577 1625 790 1686; x_wconf 78' lang='lat' dir='ltr'>votisque</span> <span class='ocrx_word' id='word_1_140' title='bbox 812 1625 941 1671; x_wconf 92' lang='lat' dir='ltr'>Deos</span> <span class='ocrx_word' id='word_1_141' title='bbox 969 1625 1253 1671; x_wconf 74' lang='lat' dir='ltr'>venerabere</span> <span class='ocrx_word' id='word_1_142' title='bbox 1281 1627 1409 1672; x_wconf 77' lang='lat' dir='ltr'>seris.</span> 
     </span>
     <span class='ocr_line' id='line_1_24' title="bbox 194 1686 1507 1753; baseline 0.004 -20"><span class='ocrx_word' id='word_1_143' title='bbox 194 1686 318 1734; x_wconf 82' lang='lat' dir='ltr'>Nam</span> <span class='ocrx_word' id='word_1_144' title='bbox 339 1690 450 1737; x_wconf 82' lang='lat' dir='ltr'>milii</span> <span class='ocrx_word' id='word_1_145' title='bbox 471 1698 608 1752; x_wconf 85' lang='lat' dir='ltr'>parta</span> <span class='ocrx_word' id='word_1_146' title='bbox 625 1691 775 1752; x_wconf 88' lang='lat' dir='ltr'>quies,</span> <span class='ocrx_word' id='word_1_147' title='bbox 794 1691 1045 1753; x_wconf 87' lang='lat' dir='ltr'>omnisque</span> <span class='ocrx_word' id='word_1_148' title='bbox 1070 1691 1115 1736; x_wconf 86' lang='lat' dir='ltr'>in</span> <span class='ocrx_word' id='word_1_149' title='bbox 1135 1691 1288 1737; x_wconf 83' lang='lat' dir='ltr'>limine</span> <span class='ocrx_word' id='word_1_150' title='bbox 1313 1704 1475 1752; x_wconf 79' lang='lat' dir='ltr'>portus</span> <span class='ocrx_word' id='word_1_151' title='bbox 1497 1709 1507 1718; x_wconf 94' lang='lat'><strong>·</strong></span> 
     </span>
     <span class='ocr_line' id='line_1_25' title="bbox 195 1753 1319 1820; baseline 0.003 -21"><span class='ocrx_word' id='word_1_152' title='bbox 195 1753 377 1802; x_wconf 85' lang='lat' dir='ltr'>Funere</span> <span class='ocrx_word' id='word_1_153' title='bbox 403 1757 533 1803; x_wconf 88' lang='lat' dir='ltr'>felici</span> <span class='ocrx_word' id='word_1_154' title='bbox 559 1759 750 1820; x_wconf 85' lang='lat' dir='ltr'>spolior.</span> <span class='ocrx_word' id='word_1_155' title='bbox 823 1758 928 1803; x_wconf 73' lang='lat' dir='ltr'>Nec</span> <span class='ocrx_word' id='word_1_156' title='bbox 956 1758 1086 1818; x_wconf 78' lang='lat' dir='ltr'>plura</span> <span class='ocrx_word' id='word_1_157' title='bbox 1115 1757 1319 1811; x_wconf 78' lang='lat' dir='ltr'>locutus,</span> 
     </span>
     <span class='ocr_line' id='line_1_26' title="bbox 194 1820 1507 1885; baseline 0.005 -19"><span class='ocrx_word' id='word_1_158' title='bbox 194 1820 356 1882; x_wconf 87' lang='lat' dir='ltr'>Sepsit</span> <span class='ocrx_word' id='word_1_159' title='bbox 382 1839 428 1869; x_wconf 86' lang='lat' dir='ltr'>se</span> <span class='ocrx_word' id='word_1_160' title='bbox 455 1825 610 1880; x_wconf 89' lang='lat' dir='ltr'>tectis,</span> <span class='ocrx_word' id='word_1_161' title='bbox 639 1840 890 1885; x_wconf 81' lang='lat' dir='ltr'>rerumque</span> <span class='ocrx_word' id='word_1_162' title='bbox 911 1823 1098 1884; x_wconf 86' lang='lat' dir='ltr'>reliquit</span> <span class='ocrx_word' id='word_1_163' title='bbox 1127 1824 1351 1869; x_wconf 69' lang='lat' dir='ltr'>baben-as.</span> <span class='ocrx_word' id='word_1_164' title='bbox 1414 1823 1507 1873; x_wconf 80' lang='grc'>600</span> 
     </span>
     <span class='ocr_line' id='line_1_27' title="bbox 251 1889 1507 1952; baseline 0.002 -18"><span class='ocrx_word' id='word_1_165' title='bbox 251 1889 359 1935; x_wconf 86' lang='lat' dir='ltr'>Mos</span> <span class='ocrx_word' id='word_1_166' title='bbox 382 1899 480 1936; x_wconf 86' lang='lat' dir='ltr'>erat</span> <span class='ocrx_word' id='word_1_167' title='bbox 496 1890 786 1950; x_wconf 82' lang='lat' dir='ltr'>Hesperioin</span> <span class='ocrx_word' id='word_1_168' title='bbox 800 1891 952 1946; x_wconf 89' lang='lat' dir='ltr'>Latio,</span> <span class='ocrx_word' id='word_1_169' title='bbox 967 1907 1105 1951; x_wconf 91' lang='lat' dir='ltr'>quem</span> <span class='ocrx_word' id='word_1_170' title='bbox 1120 1901 1346 1952; x_wconf 87' lang='lat' dir='ltr'>protenus</span> <span class='ocrx_word' id='word_1_171' title='bbox 1368 1893 1507 1938; x_wconf 76' lang='lat' dir='ltr'>urbes</span> 
     </span>
     <span class='ocr_line' id='line_1_28' title="bbox 194 1955 1406 2013; baseline 0.002 -13"><span class='ocrx_word' id='word_1_172' title='bbox 194 1955 397 2002; x_wconf 85' lang='lat' dir='ltr'>Albanae</span> <span class='ocrx_word' id='word_1_173' title='bbox 424 1957 614 2002; x_wconf 88' lang='lat' dir='ltr'>coluere</span> <span class='ocrx_word' id='word_1_174' title='bbox 640 1973 846 2013; x_wconf 86' lang='lat' dir='ltr'>sacrum,</span> <span class='ocrx_word' id='word_1_175' title='bbox 874 1973 999 2003; x_wconf 87' lang='lat' dir='ltr'>nuuc</span> <span class='ocrx_word' id='word_1_176' title='bbox 1027 1957 1229 2002; x_wconf 81' lang='lat' dir='ltr'>maxima</span> <span class='ocrx_word' id='word_1_177' title='bbox 1258 1973 1406 2002; x_wconf 88' lang='lat' dir='ltr'>rerum</span> 
     </span>
     <span class='ocr_line' id='line_1_29' title="bbox 193 2020 1503 2084; baseline 0.005 -18"><span class='ocrx_word' id='word_1_178' title='bbox 193 2020 346 2068; x_wconf 82' lang='lat' dir='ltr'>Roma</span> <span class='ocrx_word' id='word_1_179' title='bbox 367 2023 497 2078; x_wconf 87' lang='lat' dir='ltr'>colit,</span> <span class='ocrx_word' id='word_1_180' title='bbox 520 2023 629 2069; x_wconf 71' lang='lat' dir='ltr'>curn</span> <span class='ocrx_word' id='word_1_181' title='bbox 653 2024 800 2084; x_wconf 75' lang='lat' dir='ltr'>prima</span> <span class='ocrx_word' id='word_1_182' title='bbox 820 2023 1065 2070; x_wconf 86' lang='lat' dir='ltr'>moventin</span> <span class='ocrx_word' id='word_1_183' title='bbox 1086 2023 1245 2084; x_wconf 83' lang='lat' dir='ltr'>praelia</span> <span class='ocrx_word' id='word_1_184' title='bbox 1272 2024 1471 2070; x_wconf 82' lang='lat' dir='ltr'>Martem</span> <span class='ocrx_word' id='word_1_185' title='bbox 1493 2043 1503 2072; x_wconf 89' lang='lat'>:</span> 
     </span>
     <span class='ocr_line' id='line_1_30' title="bbox 193 2087 1371 2151; baseline -0.001 -17"><span class='ocrx_word' id='word_1_186' title='bbox 193 2087 300 2134; x_wconf 90' lang='lat' dir='ltr'>Sive</span> <span class='ocrx_word' id='word_1_187' title='bbox 327 2090 465 2135; x_wconf 86' lang='lat' dir='ltr'>Getis</span> <span class='ocrx_word' id='word_1_188' title='bbox 487 2089 657 2136; x_wconf 84' lang='lat' dir='ltr'>inferre</span> <span class='ocrx_word' id='word_1_189' title='bbox 678 2106 820 2135; x_wconf 88' lang='lat' dir='ltr'>manu</span> <span class='ocrx_word' id='word_1_190' title='bbox 846 2089 1152 2151; x_wconf 75' lang='lat' dir='ltr'>lacrymabile</span> <span class='ocrx_word' id='word_1_191' title='bbox 1180 2090 1371 2144; x_wconf 88' lang='lat' dir='ltr'>bellum,</span> 
     </span>
     <span class='ocr_line' id='line_1_31' title="bbox 194 2153 1508 2218; baseline 0.003 -20"><span class='ocrx_word' id='word_1_192' title='bbox 194 2153 511 2215; x_wconf 85' lang='lat' dir='ltr'>Hyrcanisve,</span> <span class='ocrx_word' id='word_1_193' title='bbox 540 2157 765 2203; x_wconf 84' lang='lat' dir='ltr'>Arabisve</span> <span class='ocrx_word' id='word_1_194' title='bbox 791 2166 990 2218; x_wconf 76' lang='lat' dir='ltr'>parant3</span> <span class='ocrx_word' id='word_1_195' title='bbox 1029 2172 1110 2201; x_wconf 90' lang='lat' dir='ltr'>seu</span> <span class='ocrx_word' id='word_1_196' title='bbox 1131 2157 1322 2201; x_wconf 81' lang='lat' dir='ltr'>tendere</span> <span class='ocrx_word' id='word_1_197' title='bbox 1348 2156 1404 2200; x_wconf 84' lang='lat' dir='ltr'>ad</span> <span class='ocrx_word' id='word_1_198' title='bbox 1435 2157 1508 2202; x_wconf 89' lang='lat' dir='ltr'>In·</span> 
     </span>
     <span class='ocr_line' id='line_1_32' title="bbox 326 2222 431 2279; baseline 0.019 -12"><span class='ocrx_word' id='word_1_199' title='bbox 326 2222 431 2279; x_wconf 85' lang='lat' dir='ltr'>dos,</span> 
     </span>
     <span class='ocr_line' id='line_1_33' title="bbox 195 2288 1484 2353; baseline 0.005 -20"><span class='ocrx_word' id='word_1_200' title='bbox 195 2288 523 2351; x_wconf 83' lang='lat' dir='ltr'>Auroramque</span> <span class='ocrx_word' id='word_1_201' title='bbox 550 2289 704 2350; x_wconf 86' lang='lat' dir='ltr'>sequi,</span> <span class='ocrx_word' id='word_1_202' title='bbox 732 2291 1030 2350; x_wconf 88' lang='lat' dir='ltr'>Parthosque</span> <span class='ocrx_word' id='word_1_203' title='bbox 1050 2305 1302 2352; x_wconf 81' lang='lat' dir='ltr'>reposcere</span> <span class='ocrx_word' id='word_1_204' title='bbox 1328 2291 1484 2353; x_wconf 86' lang='lat' dir='ltr'>signa.</span> 
     </span>
     <span class='ocr_line' id='line_1_34' title="bbox 196 2353 1405 2420; baseline -0.003 -14"><span class='ocrx_word' id='word_1_205' title='bbox 196 2353 316 2406; x_wconf 73' lang='lat' dir='ltr'>Sunt</span> <span class='ocrx_word' id='word_1_206' title='bbox 341 2360 540 2420; x_wconf 76' lang='lat' dir='ltr'>geminae</span> <span class='ocrx_word' id='word_1_207' title='bbox 567 2358 679 2404; x_wconf 87' lang='lat' dir='ltr'>belli</span> <span class='ocrx_word' id='word_1_208' title='bbox 704 2368 875 2420; x_wconf 81' lang='lat' dir='ltr'>portae,</span> <span class='ocrx_word' id='word_1_209' title='bbox 913 2358 981 2404; x_wconf 92' lang='lat' dir='ltr'>sic</span> <span class='ocrx_word' id='word_1_210' title='bbox 1010 2358 1197 2404; x_wconf 88' lang='lat' dir='ltr'>nomine</span> <span class='ocrx_word' id='word_1_211' title='bbox 1223 2358 1405 2413; x_wconf 86' lang='lat' dir='ltr'>dicunt,</span> 
     </span>
     <span class='ocr_line' id='line_1_35' title="bbox 188 2419 1337 2487; baseline 0 -18"><span class='ocrx_word' id='word_1_212' title='bbox 188 2419 452 2487; x_wconf 80' lang='lat' dir='ltr'>Relligione</span> <span class='ocrx_word' id='word_1_213' title='bbox 478 2441 626 2471; x_wconf 83' lang='lat' dir='ltr'>sacrae</span> <span class='ocrx_word' id='word_1_214' title='bbox 646 2434 691 2471; x_wconf 89' lang='lat' dir='ltr'>et</span> <span class='ocrx_word' id='word_1_215' title='bbox 720 2425 829 2470; x_wconf 72' lang='lat' dir='ltr'>saevi</span> <span class='ocrx_word' id='word_1_216' title='bbox 857 2424 1107 2470; x_wconf 78' lang='lat' dir='ltr'>formidme</span> <span class='ocrx_word' id='word_1_217' title='bbox 1137 2424 1305 2470; x_wconf 84' lang='lat' dir='ltr'>Martis</span> <span class='ocrx_word' id='word_1_218' title='bbox 1327 2440 1337 2469; x_wconf 91' lang='lat'>:</span> 
     </span>
     <span class='ocr_line' id='line_1_36' title="bbox 191 2488 1417 2552; baseline -0.002 -15"><span class='ocrx_word' id='word_1_219' title='bbox 191 2495 397 2542; x_wconf 83' lang='lat' dir='ltr'>Centum</span> <span class='ocrx_word' id='word_1_220' title='bbox 421 2492 528 2539; x_wconf 84' lang='lat' dir='ltr'>aerei</span> <span class='ocrx_word' id='word_1_221' title='bbox 553 2491 779 2537; x_wconf 79' lang='lat' dir='ltr'>claudunt</span> <span class='ocrx_word' id='word_1_222' title='bbox 807 2498 981 2546; x_wconf 78' lang='lat' dir='ltr'>vectes,</span> <span class='ocrx_word' id='word_1_223' title='bbox 1009 2501 1282 2552; x_wconf 63' lang='lat' dir='ltr'>aeternaque</span> <span class='ocrx_word' id='word_1_224' title='bbox 1310 2488 1417 2537; x_wconf 78' lang='lat' dir='ltr'>terri</span> 
     </span>
    </p>
   </div>
  </div>
 </body>
</html>
