<?xml version="1.0" encoding="UTF-8"?>
<!DOCTYPE html PUBLIC "-//W3C//DTD XHTML 1.0 Transitional//EN"
    "http://www.w3.org/TR/xhtml1/DTD/xhtml1-transitional.dtd">
<html xmlns="http://www.w3.org/1999/xhtml" xml:lang="en" lang="en">
 <head>
  <title>
</title>
<meta http-equiv="Content-Type" content="text/html;charset=utf-8" />
  <meta name='ocr-system' content='tesseract 3.04.00' />
  <meta name='ocr-capabilities' content='ocr_page ocr_carea ocr_par ocr_line ocrx_word'/>
</head>
<body>
  <div class='ocr_page' id='page_1' title='image "./operaadfidemopti00virguoft/operaadfidemopti00virguoft_0086.png"; bbox 0 0 1546 2686; ppageno 0'>
   <div class='ocr_carea' id='block_1_1' title="bbox 96 61 1075 103">
    <p class='ocr_par' dir='ltr' id='par_1_1' title="bbox 96 61 1075 103">
     <span class='ocr_line' id='line_1_1' title="bbox 96 61 1075 103; baseline 0.001 -2"><span class='ocrx_word' id='word_1_1' title='bbox 96 61 156 103; x_wconf 74' lang='lat'>82</span> <span class='ocrx_word' id='word_1_2' title='bbox 436 68 487 103; x_wconf 82' lang='lat' dir='ltr'>P.</span> <span class='ocrx_word' id='word_1_3' title='bbox 524 66 774 103; x_wconf 82' lang='lat' dir='ltr'>VIRGILII</span> <span class='ocrx_word' id='word_1_4' title='bbox 813 64 1075 102; x_wconf 78' lang='lat' dir='ltr'>MARole</span> 
     </span>
    </p>
   </div>
   <div class='ocr_carea' id='block_1_2' title="bbox 81 184 1409 2569">
    <p class='ocr_par' dir='ltr' id='par_1_2' title="bbox 81 184 1409 2569">
     <span class='ocr_line' id='line_1_2' title="bbox 93 184 1406 249; baseline 0.001 -15"><span class='ocrx_word' id='word_1_5' title='bbox 93 184 161 235; x_wconf 89' lang='lat' dir='ltr'>Et</span> <span class='ocrx_word' id='word_1_6' title='bbox 186 185 382 249; x_wconf 87' lang='lat' dir='ltr'>liquida,</span> <span class='ocrx_word' id='word_1_7' title='bbox 421 187 653 233; x_wconf 89' lang='lat' dir='ltr'>etdurum</span> <span class='ocrx_word' id='word_1_8' title='bbox 679 186 859 234; x_wconf 88' lang='lat' dir='ltr'>Bacchi</span> <span class='ocrx_word' id='word_1_9' title='bbox 900 186 1135 233; x_wconf 83' lang='lat' dir='ltr'>domitura</span> <span class='ocrx_word' id='word_1_10' title='bbox 1172 203 1406 248; x_wconf 85' lang='lat' dir='ltr'>saporem.</span> 
     </span>
     <span class='ocr_line' id='line_1_3' title="bbox 154 252 1408 313; baseline 0.001 -14"><span class='ocrx_word' id='word_1_11' title='bbox 154 255 219 299; x_wconf 90' lang='lat' dir='ltr'>At</span> <span class='ocrx_word' id='word_1_12' title='bbox 239 252 350 299; x_wconf 69' lang='lat' dir='ltr'>cum</span> <span class='ocrx_word' id='word_1_13' title='bbox 374 253 556 300; x_wconf 88' lang='lat' dir='ltr'>incerta</span> <span class='ocrx_word' id='word_1_14' title='bbox 574 253 735 300; x_wconf 88' lang='lat' dir='ltr'>volant</span> <span class='ocrx_word' id='word_1_15' title='bbox 753 253 968 313; x_wconf 86' lang='lat' dir='ltr'>coeloque</span> <span class='ocrx_word' id='word_1_16' title='bbox 988 253 1205 299; x_wconf 81' lang='lat' dir='ltr'>examina</span> <span class='ocrx_word' id='word_1_17' title='bbox 1220 253 1408 310; x_wconf 87' lang='lat' dir='ltr'>ludunt,</span> 
     </span>
     <span class='ocr_line' id='line_1_4' title="bbox 90 317 1408 382; baseline -0.002 -14"><span class='ocrx_word' id='word_1_18' title='bbox 90 322 507 382; x_wconf 89' lang='lat' dir='ltr'>Contemnuntque</span> <span class='ocrx_word' id='word_1_19' title='bbox 533 319 685 378; x_wconf 88' lang='lat' dir='ltr'>favos,</span> <span class='ocrx_word' id='word_1_20' title='bbox 723 327 772 366; x_wconf 91' lang='lat' dir='ltr'>et</span> <span class='ocrx_word' id='word_1_21' title='bbox 795 317 965 380; x_wconf 82' lang='lat' dir='ltr'>frigida</span> <span class='ocrx_word' id='word_1_22' title='bbox 980 326 1106 365; x_wconf 87' lang='lat' dir='ltr'>tecta</span> <span class='ocrx_word' id='word_1_23' title='bbox 1120 320 1408 381; x_wconf 86' lang='lat' dir='ltr'>relinquunt,</span> 
     </span>
     <span class='ocr_line' id='line_1_5' title="bbox 90 384 1152 446; baseline 0 -14"><span class='ocrx_word' id='word_1_24' title='bbox 90 385 341 433; x_wconf 86' lang='lat' dir='ltr'>Instabiles</span> <span class='ocrx_word' id='word_1_25' title='bbox 366 387 547 432; x_wconf 88' lang='lat' dir='ltr'>animos</span> <span class='ocrx_word' id='word_1_26' title='bbox 573 386 684 432; x_wconf 94' lang='lat' dir='ltr'>ludo</span> <span class='ocrx_word' id='word_1_27' title='bbox 709 384 987 446; x_wconf 86' lang='lat' dir='ltr'>prohibebis</span> <span class='ocrx_word' id='word_1_28' title='bbox 1012 385 1152 432; x_wconf 88' lang='lat' dir='ltr'>inani.</span> 
     </span>
     <span class='ocr_line' id='line_1_6' title="bbox 90 452 1323 514; baseline -0.002 -14"><span class='ocrx_word' id='word_1_29' title='bbox 90 452 192 501; x_wconf 83' lang='lat' dir='ltr'>Nec</span> <span class='ocrx_word' id='word_1_30' title='bbox 219 469 416 514; x_wconf 87' lang='lat' dir='ltr'>magnus</span> <span class='ocrx_word' id='word_1_31' title='bbox 441 452 694 513; x_wconf 86' lang='lat' dir='ltr'>prohibere</span> <span class='ocrx_word' id='word_1_32' title='bbox 719 452 856 497; x_wconf 85' lang='lat' dir='ltr'>labor</span> <span class='ocrx_word' id='word_1_33' title='bbox 881 469 893 506; x_wconf 90' lang='lat'>;</span> <span class='ocrx_word' id='word_1_34' title='bbox 932 459 985 496; x_wconf 93' lang='lat' dir='ltr'>tu</span> <span class='ocrx_word' id='word_1_35' title='bbox 1009 452 1203 513; x_wconf 86' lang='lat' dir='ltr'>regibus</span> <span class='ocrx_word' id='word_1_36' title='bbox 1227 452 1323 498; x_wconf 88' lang='lat' dir='ltr'>alas</span> 
     </span>
     <span class='ocr_line' id='line_1_7' title="bbox 87 517 1322 581; baseline 0 -17"><span class='ocrx_word' id='word_1_37' title='bbox 87 519 232 581; x_wconf 86' lang='lat' dir='ltr'>Eripe</span> <span class='ocrx_word' id='word_1_38' title='bbox 253 535 265 565; x_wconf 74' lang='grc' dir='ltr'>ε</span> <span class='ocrx_word' id='word_1_39' title='bbox 303 535 396 565; x_wconf 90' lang='lat' dir='ltr'>non</span> <span class='ocrx_word' id='word_1_40' title='bbox 424 518 511 564; x_wconf 87' lang='lat' dir='ltr'>illis</span> <span class='ocrx_word' id='word_1_41' title='bbox 536 517 786 580; x_wconf 90' lang='lat' dir='ltr'>quisquam</span> <span class='ocrx_word' id='word_1_42' title='bbox 812 517 1148 564; x_wconf 83' lang='lat' dir='ltr'>cunctantibus</span> <span class='ocrx_word' id='word_1_43' title='bbox 1171 519 1322 565; x_wconf 92' lang='lat' dir='ltr'>altum</span> 
     </span>
     <span class='ocr_line' id='line_1_8' title="bbox 84 582 1173 645; baseline 0 -14"><span class='ocrx_word' id='word_1_44' title='bbox 84 584 161 632; x_wconf 90' lang='lat' dir='ltr'>Ire</span> <span class='ocrx_word' id='word_1_45' title='bbox 185 585 287 641; x_wconf 90' lang='lat' dir='ltr'>iter,</span> <span class='ocrx_word' id='word_1_46' title='bbox 325 593 407 631; x_wconf 90' lang='lat' dir='ltr'>aut</span> <span class='ocrx_word' id='word_1_47' title='bbox 431 584 595 631; x_wconf 85' lang='lat' dir='ltr'>castris</span> <span class='ocrx_word' id='word_1_48' title='bbox 613 582 811 629; x_wconf 83' lang='lat' dir='ltr'>audebit</span> <span class='ocrx_word' id='word_1_49' title='bbox 834 582 1003 629; x_wconf 87' lang='lat' dir='ltr'>vellere</span> <span class='ocrx_word' id='word_1_50' title='bbox 1027 584 1173 645; x_wconf 86' lang='lat' dir='ltr'>signa.</span> 
     </span>
     <span class='ocr_line' id='line_1_9' title="bbox 84 648 1129 706; baseline -0.003 -9"><span class='ocrx_word' id='word_1_51' title='bbox 84 651 291 698; x_wconf 87' lang='lat' dir='ltr'>Invitent</span> <span class='ocrx_word' id='word_1_52' title='bbox 315 651 490 696; x_wconf 90' lang='lat' dir='ltr'>croceis</span> <span class='ocrx_word' id='word_1_53' title='bbox 515 649 728 696; x_wconf 82' lang='lat' dir='ltr'>halantes</span> <span class='ocrx_word' id='word_1_54' title='bbox 755 648 951 695; x_wconf 91' lang='lat' dir='ltr'>floribus</span> <span class='ocrx_word' id='word_1_55' title='bbox 977 649 1129 706; x_wconf 82' lang='lat' dir='ltr'>horti;</span> 
     </span>
     <span class='ocr_line' id='line_1_10' title="bbox 83 715 1388 778; baseline -0.001 -14"><span class='ocrx_word' id='word_1_56' title='bbox 83 718 146 764; x_wconf 90' lang='lat' dir='ltr'>Et</span> <span class='ocrx_word' id='word_1_57' title='bbox 169 725 332 764; x_wconf 84' lang='lat' dir='ltr'>custos</span> <span class='ocrx_word' id='word_1_58' title='bbox 360 717 517 763; x_wconf 89' lang='lat' dir='ltr'>furum</span> <span class='ocrx_word' id='word_1_59' title='bbox 540 723 684 778; x_wconf 86' lang='lat' dir='ltr'>atque</span> <span class='ocrx_word' id='word_1_60' title='bbox 708 716 878 769; x_wconf 89' lang='lat' dir='ltr'>avium,</span> <span class='ocrx_word' id='word_1_61' title='bbox 913 729 1019 760; x_wconf 90' lang='lat' dir='ltr'>cum</span> <span class='ocrx_word' id='word_1_62' title='bbox 1045 715 1168 763; x_wconf 86' lang='lat' dir='ltr'>falce</span> <span class='ocrx_word' id='word_1_63' title='bbox 1192 716 1388 778; x_wconf 69' lang='lat' dir='ltr'>saligna,</span> 
     </span>
     <span class='ocr_line' id='line_1_11' title="bbox 84 780 1405 845; baseline -0.001 -16"><span class='ocrx_word' id='word_1_64' title='bbox 84 783 460 845; x_wconf 84' lang='lat' dir='ltr'>Hellespontiaci</span> <span class='ocrx_word' id='word_1_65' title='bbox 484 790 635 828; x_wconf 90' lang='lat' dir='ltr'>servet</span> <span class='ocrx_word' id='word_1_66' title='bbox 654 782 799 828; x_wconf 89' lang='lat' dir='ltr'>tutela</span> <span class='ocrx_word' id='word_1_67' title='bbox 825 780 997 841; x_wconf 84' lang='lat' dir='ltr'>Priapi.</span> <span class='ocrx_word' id='word_1_68' title='bbox 1319 790 1405 829; x_wconf 86' lang='lat'>111</span> 
     </span>
     <span class='ocr_line' id='line_1_12' title="bbox 84 847 1407 911; baseline 0.001 -17"><span class='ocrx_word' id='word_1_69' title='bbox 84 849 209 910; x_wconf 86' lang='lat' dir='ltr'>Ipse,</span> <span class='ocrx_word' id='word_1_70' title='bbox 246 849 461 911; x_wconf 88' lang='lat' dir='ltr'>thymum</span> <span class='ocrx_word' id='word_1_71' title='bbox 487 848 724 911; x_wconf 89' lang='lat' dir='ltr'>pinosque</span> <span class='ocrx_word' id='word_1_72' title='bbox 749 847 900 894; x_wconf 87' lang='lat' dir='ltr'>ferens</span> <span class='ocrx_word' id='word_1_73' title='bbox 925 847 986 894; x_wconf 89' lang='lat' dir='ltr'>de</span> <span class='ocrx_word' id='word_1_74' title='bbox 1011 847 1256 894; x_wconf 90' lang='lat' dir='ltr'>montibus</span> <span class='ocrx_word' id='word_1_75' title='bbox 1280 848 1407 905; x_wconf 89' lang='lat' dir='ltr'>altis,</span> 
     </span>
     <span class='ocr_line' id='line_1_13' title="bbox 82 913 1164 971; baseline 0 -11"><span class='ocrx_word' id='word_1_76' title='bbox 82 915 238 963; x_wconf 86' lang='lat' dir='ltr'>Tecta</span> <span class='ocrx_word' id='word_1_77' title='bbox 262 922 386 962; x_wconf 87' lang='lat' dir='ltr'>serat</span> <span class='ocrx_word' id='word_1_78' title='bbox 409 916 502 962; x_wconf 78' lang='lat' dir='ltr'>late</span> <span class='ocrx_word' id='word_1_79' title='bbox 529 914 728 971; x_wconf 73' lang='lat' dir='ltr'>circum,</span> <span class='ocrx_word' id='word_1_80' title='bbox 766 913 845 960; x_wconf 91' lang='lat' dir='ltr'>cui</span> <span class='ocrx_word' id='word_1_81' title='bbox 870 913 980 960; x_wconf 91' lang='lat' dir='ltr'>talia</span> <span class='ocrx_word' id='word_1_82' title='bbox 1005 930 1132 960; x_wconf 87' lang='lat' dir='ltr'>curae</span> <span class='ocrx_word' id='word_1_83' title='bbox 1153 931 1164 968; x_wconf 91' lang='grc'><strong>;</strong></span> 
     </span>
     <span class='ocr_line' id='line_1_14' title="bbox 83 979 1263 1044; baseline -0.001 -16"><span class='ocrx_word' id='word_1_84' title='bbox 83 982 197 1044; x_wconf 91' lang='lat' dir='ltr'>Ipse</span> <span class='ocrx_word' id='word_1_85' title='bbox 220 982 385 1029; x_wconf 89' lang='lat' dir='ltr'>labore</span> <span class='ocrx_word' id='word_1_86' title='bbox 409 997 599 1028; x_wconf 86' lang='lat' dir='ltr'>manum</span> <span class='ocrx_word' id='word_1_87' title='bbox 625 980 745 1027; x_wconf 92' lang='lat' dir='ltr'>duro</span> <span class='ocrx_word' id='word_1_88' title='bbox 771 988 890 1027; x_wconf 89' lang='lat' dir='ltr'>terat</span> <span class='ocrx_word' id='word_1_89' title='bbox 909 997 921 1034; x_wconf 91' lang='lat'>;</span> <span class='ocrx_word' id='word_1_90' title='bbox 958 981 1060 1042; x_wconf 90' lang='lat' dir='ltr'>ipse</span> <span class='ocrx_word' id='word_1_91' title='bbox 1084 979 1263 1027; x_wconf 88' lang='lat' dir='ltr'>feraces</span> 
     </span>
     <span class='ocr_line' id='line_1_15' title="bbox 87 1046 1298 1110; baseline -0.001 -16"><span class='ocrx_word' id='word_1_92' title='bbox 87 1048 222 1110; x_wconf 84' lang='lat' dir='ltr'>Figat</span> <span class='ocrx_word' id='word_1_93' title='bbox 247 1049 392 1094; x_wconf 92' lang='lat' dir='ltr'>humo</span> <span class='ocrx_word' id='word_1_94' title='bbox 417 1049 618 1110; x_wconf 86' lang='lat' dir='ltr'>plantas,</span> <span class='ocrx_word' id='word_1_95' title='bbox 655 1054 702 1092; x_wconf 88' lang='lat' dir='ltr'>et</span> <span class='ocrx_word' id='word_1_96' title='bbox 725 1046 903 1092; x_wconf 86' lang='lat' dir='ltr'>amicos</span> <span class='ocrx_word' id='word_1_97' title='bbox 929 1046 1088 1108; x_wconf 81' lang='lat' dir='ltr'>irriget</span> <span class='ocrx_word' id='word_1_98' title='bbox 1107 1046 1298 1094; x_wconf 90' lang='lat' dir='ltr'>imbres.</span> 
     </span>
     <span class='ocr_line' id='line_1_16' title="bbox 154 1111 1408 1177; baseline -0.001 -15"><span class='ocrx_word' id='word_1_99' title='bbox 154 1116 316 1177; x_wconf 90' lang='lat' dir='ltr'>Atque</span> <span class='ocrx_word' id='word_1_100' title='bbox 340 1113 578 1176; x_wconf 83' lang='lat' dir='ltr'>equidem,</span> <span class='ocrx_word' id='word_1_101' title='bbox 613 1120 826 1159; x_wconf 84' lang='lat' dir='ltr'>extremo</span> <span class='ocrx_word' id='word_1_102' title='bbox 850 1111 897 1158; x_wconf 89' lang='lat' dir='ltr'>ni</span> <span class='ocrx_word' id='word_1_103' title='bbox 914 1112 1018 1174; x_wconf 84' lang='lat' dir='ltr'>jam</span> <span class='ocrx_word' id='word_1_104' title='bbox 1043 1112 1131 1159; x_wconf 93' lang='lat' dir='ltr'>sub</span> <span class='ocrx_word' id='word_1_105' title='bbox 1157 1111 1251 1160; x_wconf 89' lang='lat' dir='ltr'>fine</span> <span class='ocrx_word' id='word_1_106' title='bbox 1275 1113 1408 1162; x_wconf 87' lang='lat' dir='ltr'>labo-</span> 
     </span>
     <span class='ocr_line' id='line_1_17' title="bbox 219 1197 322 1227; baseline -0.01 0"><span class='ocrx_word' id='word_1_107' title='bbox 219 1197 322 1227; x_wconf 89' lang='lat' dir='ltr'>rum</span> 
     </span>
     <span class='ocr_line' id='line_1_18' title="bbox 83 1243 1404 1307; baseline 0 -14"><span class='ocrx_word' id='word_1_108' title='bbox 83 1247 201 1293; x_wconf 92' lang='lat' dir='ltr'>Vela</span> <span class='ocrx_word' id='word_1_109' title='bbox 225 1247 425 1302; x_wconf 90' lang='lat' dir='ltr'>traham,</span> <span class='ocrx_word' id='word_1_110' title='bbox 452 1252 500 1292; x_wconf 82' lang='lat' dir='ltr'>et</span> <span class='ocrx_word' id='word_1_111' title='bbox 524 1243 658 1291; x_wconf 87' lang='lat' dir='ltr'>terris</span> <span class='ocrx_word' id='word_1_112' title='bbox 676 1243 890 1291; x_wconf 86' lang='lat' dir='ltr'>festinem</span> <span class='ocrx_word' id='word_1_113' title='bbox 915 1244 972 1291; x_wconf 91' lang='lat' dir='ltr'>ad</span> <span class='ocrx_word' id='word_1_114' title='bbox 982 1252 1159 1292; x_wconf 89' lang='lat' dir='ltr'>vertere</span> <span class='ocrx_word' id='word_1_115' title='bbox 1183 1262 1369 1307; x_wconf 89' lang='lat' dir='ltr'>proram</span> <span class='ocrx_word' id='word_1_116' title='bbox 1390 1265 1404 1304; x_wconf 91' lang='lat'>;</span> 
     </span>
     <span class='ocr_line' id='line_1_19' title="bbox 84 1311 1277 1374; baseline 0 -16"><span class='ocrx_word' id='word_1_117' title='bbox 84 1313 302 1360; x_wconf 85' lang='lat' dir='ltr'>Forsitan</span> <span class='ocrx_word' id='word_1_118' title='bbox 322 1321 369 1360; x_wconf 90' lang='lat' dir='ltr'>et</span> <span class='ocrx_word' id='word_1_119' title='bbox 395 1312 597 1374; x_wconf 84' lang='lat' dir='ltr'>pingues</span> <span class='ocrx_word' id='word_1_120' title='bbox 624 1311 786 1357; x_wconf 85' lang='lat' dir='ltr'>hortos</span> <span class='ocrx_word' id='word_1_121' title='bbox 812 1327 920 1372; x_wconf 81' lang='lat' dir='ltr'>quae</span> <span class='ocrx_word' id='word_1_122' title='bbox 945 1327 1060 1358; x_wconf 89' lang='lat' dir='ltr'>cura</span> <span class='ocrx_word' id='word_1_123' title='bbox 1085 1312 1277 1358; x_wconf 91' lang='lat' dir='ltr'>colendi</span> 
     </span>
     <span class='ocr_line' id='line_1_20' title="bbox 83 1376 1241 1440; baseline -0.002 -14"><span class='ocrx_word' id='word_1_124' title='bbox 83 1379 308 1436; x_wconf 88' lang='lat' dir='ltr'>Ornaret,</span> <span class='ocrx_word' id='word_1_125' title='bbox 347 1394 584 1433; x_wconf 85' lang='lat' dir='ltr'>canerem,</span> <span class='ocrx_word' id='word_1_126' title='bbox 623 1376 853 1440; x_wconf 86' lang='lat' dir='ltr'>biferique</span> <span class='ocrx_word' id='word_1_127' title='bbox 873 1377 1050 1423; x_wconf 88' lang='lat' dir='ltr'>rosaria</span> <span class='ocrx_word' id='word_1_128' title='bbox 1074 1378 1241 1433; x_wconf 80' lang='lat' dir='ltr'>Paesti3</span> 
     </span>
     <span class='ocr_line' id='line_1_21' title="bbox 83 1442 1407 1508; baseline 0 -16"><span class='ocrx_word' id='word_1_129' title='bbox 83 1448 291 1508; x_wconf 73' lang='lat' dir='ltr'>Quoque</span> <span class='ocrx_word' id='word_1_130' title='bbox 316 1445 460 1492; x_wconf 91' lang='lat' dir='ltr'>modo</span> <span class='ocrx_word' id='word_1_131' title='bbox 485 1445 608 1506; x_wconf 90' lang='lat' dir='ltr'>potis</span> <span class='ocrx_word' id='word_1_132' title='bbox 628 1442 887 1504; x_wconf 84' lang='lat' dir='ltr'>gauderent</span> <span class='ocrx_word' id='word_1_133' title='bbox 911 1443 1078 1506; x_wconf 80' lang='lat' dir='ltr'>intyba</span> <span class='ocrx_word' id='word_1_134' title='bbox 1102 1444 1228 1501; x_wconf 93' lang='lat' dir='ltr'>rivis,</span> <span class='ocrx_word' id='word_1_135' title='bbox 1315 1453 1407 1494; x_wconf 72' lang='lat'>120</span> 
     </span>
     <span class='ocr_line' id='line_1_22' title="bbox 84 1510 1408 1574; baseline -0.002 -14"><span class='ocrx_word' id='word_1_136' title='bbox 84 1515 146 1560; x_wconf 87' lang='lat' dir='ltr'>Et</span> <span class='ocrx_word' id='word_1_137' title='bbox 164 1512 334 1559; x_wconf 86' lang='lat' dir='ltr'>virides</span> <span class='ocrx_word' id='word_1_138' title='bbox 359 1511 468 1573; x_wconf 90' lang='lat' dir='ltr'>apio</span> <span class='ocrx_word' id='word_1_139' title='bbox 493 1510 622 1570; x_wconf 85' lang='lat' dir='ltr'>ripae,</span> <span class='ocrx_word' id='word_1_140' title='bbox 662 1518 906 1570; x_wconf 88' lang='lat' dir='ltr'>tortusque</span> <span class='ocrx_word' id='word_1_141' title='bbox 932 1525 1017 1571; x_wconf 86' lang='lat' dir='ltr'>per</span> <span class='ocrx_word' id='word_1_142' title='bbox 1040 1511 1235 1557; x_wconf 83' lang='lat' dir='ltr'>herbam</span> <span class='ocrx_word' id='word_1_143' title='bbox 1294 1513 1408 1574; x_wconf 91' lang='lat' dir='ltr'>[tem</span> 
     </span>
     <span class='ocr_line' id='line_1_23' title="bbox 84 1576 1409 1631; baseline -0.002 -5"><span class='ocrx_word' id='word_1_144' title='bbox 84 1581 332 1626; x_wconf 87' lang='lat' dir='ltr'>Cresceret</span> <span class='ocrx_word' id='word_1_145' title='bbox 371 1578 417 1623; x_wconf 87' lang='lat' dir='ltr'>in</span> <span class='ocrx_word' id='word_1_146' title='bbox 455 1584 667 1631; x_wconf 86' lang='lat' dir='ltr'>ventrem</span> <span class='ocrx_word' id='word_1_147' title='bbox 692 1576 906 1622; x_wconf 86' lang='lat' dir='ltr'>cucumis</span> <span class='ocrx_word' id='word_1_148' title='bbox 927 1594 939 1631; x_wconf 74' lang='lat'>3</span> <span class='ocrx_word' id='word_1_149' title='bbox 978 1592 1067 1622; x_wconf 90' lang='lat' dir='ltr'>nec</span> <span class='ocrx_word' id='word_1_150' title='bbox 1092 1593 1192 1623; x_wconf 87' lang='lat' dir='ltr'>sera</span> <span class='ocrx_word' id='word_1_151' title='bbox 1217 1593 1409 1625; x_wconf 88' lang='lat' dir='ltr'>coman-</span> 
     </span>
     <span class='ocr_line' id='line_1_24' title="bbox 81 1642 1312 1701; baseline -0.002 -9"><span class='ocrx_word' id='word_1_152' title='bbox 81 1645 381 1701; x_wconf 86' lang='lat' dir='ltr'>Narcissum,</span> <span class='ocrx_word' id='word_1_153' title='bbox 419 1651 499 1690; x_wconf 87' lang='lat' dir='ltr'>aut</span> <span class='ocrx_word' id='word_1_154' title='bbox 515 1642 622 1688; x_wconf 82' lang='lat' dir='ltr'>flexi</span> <span class='ocrx_word' id='word_1_155' title='bbox 647 1643 900 1689; x_wconf 88' lang='lat' dir='ltr'>tacuissem</span> <span class='ocrx_word' id='word_1_156' title='bbox 925 1642 1082 1688; x_wconf 90' lang='lat' dir='ltr'>vimen</span> <span class='ocrx_word' id='word_1_157' title='bbox 1106 1643 1312 1699; x_wconf 86' lang='lat' dir='ltr'>acanthi,</span> 
     </span>
     <span class='ocr_line' id='line_1_25' title="bbox 83 1708 1383 1773; baseline -0.002 -15"><span class='ocrx_word' id='word_1_158' title='bbox 83 1713 417 1773; x_wconf 86' lang='lat' dir='ltr'>Pallentesque</span> <span class='ocrx_word' id='word_1_159' title='bbox 444 1709 658 1764; x_wconf 64' lang='lat' dir='ltr'>hederas‘,</span> <span class='ocrx_word' id='word_1_160' title='bbox 697 1716 744 1754; x_wconf 85' lang='lat' dir='ltr'>et</span> <span class='ocrx_word' id='word_1_161' title='bbox 768 1715 974 1754; x_wconf 84' lang='lat' dir='ltr'>amantes</span> <span class='ocrx_word' id='word_1_162' title='bbox 998 1708 1156 1755; x_wconf 89' lang='lat' dir='ltr'>littora</span> <span class='ocrx_word' id='word_1_163' title='bbox 1189 1718 1383 1772; x_wconf 81' lang='lat' dir='ltr'>myrtos.</span> 
     </span>
     <span class='ocr_line' id='line_1_26' title="bbox 149 1774 1405 1839; baseline -0.001 -15"><span class='ocrx_word' id='word_1_164' title='bbox 149 1779 371 1839; x_wconf 88' lang='lat' dir='ltr'>Namque</span> <span class='ocrx_word' id='word_1_165' title='bbox 397 1777 487 1822; x_wconf 90' lang='lat' dir='ltr'>sub</span> <span class='ocrx_word' id='word_1_166' title='bbox 512 1775 715 1820; x_wconf 81' lang='lat' dir='ltr'>OEbaliae</span> <span class='ocrx_word' id='word_1_167' title='bbox 742 1774 930 1820; x_wconf 90' lang='lat' dir='ltr'>memini</span> <span class='ocrx_word' id='word_1_168' title='bbox 949 1791 1023 1821; x_wconf 88' lang='lat' dir='ltr'>me</span> <span class='ocrx_word' id='word_1_169' title='bbox 1049 1775 1256 1821; x_wconf 85' lang='lat' dir='ltr'>turribus</span> <span class='ocrx_word' id='word_1_170' title='bbox 1284 1777 1405 1834; x_wconf 85' lang='lat' dir='ltr'>altis,</span> 
     </span>
     <span class='ocr_line' id='line_1_27' title="bbox 85 1839 1278 1904; baseline -0.003 -13"><span class='ocrx_word' id='word_1_171' title='bbox 85 1844 196 1899; x_wconf 75' lang='lat' dir='ltr'>Qua</span> <span class='ocrx_word' id='word_1_172' title='bbox 221 1843 350 1904; x_wconf 87' lang='lat' dir='ltr'>niger</span> <span class='ocrx_word' id='word_1_173' title='bbox 375 1842 615 1890; x_wconf 86' lang='lat' dir='ltr'>humectat</span> <span class='ocrx_word' id='word_1_174' title='bbox 640 1839 861 1888; x_wconf 87' lang='lat' dir='ltr'>flaventia</span> <span class='ocrx_word' id='word_1_175' title='bbox 885 1841 1014 1887; x_wconf 91' lang='lat' dir='ltr'>culta</span> <span class='ocrx_word' id='word_1_176' title='bbox 1040 1842 1278 1899; x_wconf 82' lang='lat' dir='ltr'>Galaesus,</span> 
     </span>
     <span class='ocr_line' id='line_1_28' title="bbox 85 1907 1224 1974; baseline -0.003 -17"><span class='ocrx_word' id='word_1_177' title='bbox 85 1910 339 1974; x_wconf 86' lang='lat' dir='ltr'>Corycium</span> <span class='ocrx_word' id='word_1_178' title='bbox 366 1908 538 1954; x_wconf 90' lang='lat' dir='ltr'>vidisse</span> <span class='ocrx_word' id='word_1_179' title='bbox 564 1923 737 1958; x_wconf 86' lang='lat' dir='ltr'>senem,</span> <span class='ocrx_word' id='word_1_180' title='bbox 789 1907 866 1953; x_wconf 91' lang='lat' dir='ltr'>cui</span> <span class='ocrx_word' id='word_1_181' title='bbox 892 1923 1049 1970; x_wconf 90' lang='lat' dir='ltr'>pauca</span> <span class='ocrx_word' id='word_1_182' title='bbox 1075 1908 1224 1954; x_wconf 86' lang='lat' dir='ltr'>relicti</span> 
     </span>
     <span class='ocr_line' id='line_1_29' title="bbox 83 1973 1250 2040; baseline -0.003 -16"><span class='ocrx_word' id='word_1_183' title='bbox 83 1978 111 2025; x_wconf 92' lang='lat' dir='ltr'>J</span> <span class='ocrx_word' id='word_1_184' title='bbox 119 1993 260 2040; x_wconf 87' lang='lat' dir='ltr'>ugera</span> <span class='ocrx_word' id='word_1_185' title='bbox 283 1975 400 2022; x_wconf 87' lang='lat' dir='ltr'>ruris</span> <span class='ocrx_word' id='word_1_186' title='bbox 425 1981 586 2028; x_wconf 90' lang='lat' dir='ltr'>erant;</span> <span class='ocrx_word' id='word_1_187' title='bbox 623 1989 709 2019; x_wconf 87' lang='lat' dir='ltr'>nec</span> <span class='ocrx_word' id='word_1_188' title='bbox 734 1973 899 2020; x_wconf 80' lang='lat' dir='ltr'>fertilis</span> <span class='ocrx_word' id='word_1_189' title='bbox 923 1974 1002 2019; x_wconf 92' lang='lat' dir='ltr'>illa</span> <span class='ocrx_word' id='word_1_190' title='bbox 1013 1973 1250 2034; x_wconf 86' lang='lat' dir='ltr'>juvencis,</span> 
     </span>
     <span class='ocr_line' id='line_1_30' title="bbox 86 2040 1404 2105; baseline -0.001 -16"><span class='ocrx_word' id='word_1_191' title='bbox 86 2043 190 2089; x_wconf 93' lang='lat' dir='ltr'>Nec</span> <span class='ocrx_word' id='word_1_192' title='bbox 202 2042 367 2105; x_wconf 87' lang='lat' dir='ltr'>pecori</span> <span class='ocrx_word' id='word_1_193' title='bbox 383 2048 653 2104; x_wconf 90' lang='lat' dir='ltr'>opportuna</span> <span class='ocrx_word' id='word_1_194' title='bbox 668 2056 814 2101; x_wconf 85' lang='lat' dir='ltr'>seges,</span> <span class='ocrx_word' id='word_1_195' title='bbox 825 2056 912 2087; x_wconf 91' lang='lat' dir='ltr'>nec</span> <span class='ocrx_word' id='word_1_196' title='bbox 926 2040 1179 2086; x_wconf 88' lang='lat' dir='ltr'>commoda</span> <span class='ocrx_word' id='word_1_197' title='bbox 1192 2041 1404 2088; x_wconf 82' lang='lat' dir='ltr'>Baccho.</span> 
     </span>
     <span class='ocr_line' id='line_1_31' title="bbox 87 2105 1406 2168; baseline 0.001 -14"><span class='ocrx_word' id='word_1_198' title='bbox 87 2107 182 2155; x_wconf 91' lang='lat' dir='ltr'>Hic</span> <span class='ocrx_word' id='word_1_199' title='bbox 197 2125 350 2155; x_wconf 85' lang='lat' dir='ltr'>rarum</span> <span class='ocrx_word' id='word_1_200' title='bbox 365 2107 578 2154; x_wconf 88' lang='lat' dir='ltr'>tamenin</span> <span class='ocrx_word' id='word_1_201' title='bbox 596 2105 753 2152; x_wconf 88' lang='lat' dir='ltr'>dumis</span> <span class='ocrx_word' id='word_1_202' title='bbox 771 2107 892 2162; x_wconf 90' lang='lat' dir='ltr'>olus,</span> <span class='ocrx_word' id='word_1_203' title='bbox 910 2106 1112 2168; x_wconf 89' lang='lat' dir='ltr'>albaque</span> <span class='ocrx_word' id='word_1_204' title='bbox 1129 2106 1304 2153; x_wconf 68' lang='lat' dir='ltr'>circum</span> <span class='ocrx_word' id='word_1_205' title='bbox 1317 2114 1406 2155; x_wconf 82' lang='lat'>130</span> 
     </span>
     <span class='ocr_line' id='line_1_32' title="bbox 86 2174 1404 2235; baseline -0.002 -13"><span class='ocrx_word' id='word_1_206' title='bbox 86 2176 226 2231; x_wconf 88' lang='lat' dir='ltr'>Lilia,</span> <span class='ocrx_word' id='word_1_207' title='bbox 263 2174 586 2235; x_wconf 87' lang='lat' dir='ltr'>verbenasque</span> <span class='ocrx_word' id='word_1_208' title='bbox 611 2188 845 2235; x_wconf 89' lang='lat' dir='ltr'>premens,</span> <span class='ocrx_word' id='word_1_209' title='bbox 867 2188 1157 2234; x_wconf 87' lang='lat' dir='ltr'>vescumque</span> <span class='ocrx_word' id='word_1_210' title='bbox 1182 2189 1404 2234; x_wconf 88' lang='lat' dir='ltr'>papaver,</span> 
     </span>
     <span class='ocr_line' id='line_1_33' title="bbox 86 2238 1372 2303; baseline -0.001 -16"><span class='ocrx_word' id='word_1_211' title='bbox 86 2242 270 2303; x_wconf 88' lang='lat' dir='ltr'>Regum</span> <span class='ocrx_word' id='word_1_212' title='bbox 296 2241 517 2302; x_wconf 87' lang='lat' dir='ltr'>aequabat</span> <span class='ocrx_word' id='word_1_213' title='bbox 537 2255 654 2301; x_wconf 90' lang='lat' dir='ltr'>opes</span> <span class='ocrx_word' id='word_1_214' title='bbox 679 2239 876 2295; x_wconf 89' lang='lat' dir='ltr'>animis;</span> <span class='ocrx_word' id='word_1_215' title='bbox 915 2238 1114 2300; x_wconf 70' lang='lat' dir='ltr'>seraque</span> <span class='ocrx_word' id='word_1_216' title='bbox 1141 2248 1372 2286; x_wconf 88' lang='lat' dir='ltr'>revertens</span> 
     </span>
     <span class='ocr_line' id='line_1_34' title="bbox 85 2304 1402 2366; baseline -0.001 -13"><span class='ocrx_word' id='word_1_217' title='bbox 85 2308 243 2354; x_wconf 84' lang='lat' dir='ltr'>Nocte</span> <span class='ocrx_word' id='word_1_218' title='bbox 268 2305 481 2362; x_wconf 90' lang='lat' dir='ltr'>domum,</span> <span class='ocrx_word' id='word_1_219' title='bbox 520 2304 725 2366; x_wconf 89' lang='lat' dir='ltr'>dapibus</span> <span class='ocrx_word' id='word_1_220' title='bbox 751 2322 933 2352; x_wconf 86' lang='lat' dir='ltr'>mensas</span> <span class='ocrx_word' id='word_1_221' title='bbox 958 2306 1185 2351; x_wconf 85' lang='lat' dir='ltr'>onerabat</span> <span class='ocrx_word' id='word_1_222' title='bbox 1202 2306 1402 2352; x_wconf 83' lang='lat' dir='ltr'>inemtis.</span> 
     </span>
     <span class='ocr_line' id='line_1_35' title="bbox 89 2373 1404 2434; baseline 0 -15"><span class='ocrx_word' id='word_1_223' title='bbox 89 2373 272 2420; x_wconf 88' lang='lat' dir='ltr'>Primus</span> <span class='ocrx_word' id='word_1_224' title='bbox 290 2389 394 2419; x_wconf 89' lang='lat' dir='ltr'>vere</span> <span class='ocrx_word' id='word_1_225' title='bbox 420 2388 591 2427; x_wconf 89' lang='lat' dir='ltr'>rosam,</span> <span class='ocrx_word' id='word_1_226' title='bbox 617 2379 762 2434; x_wconf 88' lang='lat' dir='ltr'>atque</span> <span class='ocrx_word' id='word_1_227' title='bbox 786 2380 1013 2418; x_wconf 88' lang='lat' dir='ltr'>autumno</span> <span class='ocrx_word' id='word_1_228' title='bbox 1024 2387 1212 2433; x_wconf 86' lang='lat' dir='ltr'>carpere</span> <span class='ocrx_word' id='word_1_229' title='bbox 1234 2388 1404 2434; x_wconf 84' lang='lat' dir='ltr'>poma;</span> 
     </span>
     <span class='ocr_line' id='line_1_36' title="bbox 91 2436 1292 2501; baseline -0.002 -15"><span class='ocrx_word' id='word_1_230' title='bbox 91 2442 151 2486; x_wconf 88' lang='lat' dir='ltr'>Et</span> <span class='ocrx_word' id='word_1_231' title='bbox 174 2438 281 2485; x_wconf 74' lang='lat' dir='ltr'>cum</span> <span class='ocrx_word' id='word_1_232' title='bbox 307 2438 453 2485; x_wconf 83' lang='lat' dir='ltr'>tristis</span> <span class='ocrx_word' id='word_1_233' title='bbox 473 2439 637 2501; x_wconf 88' lang='lat' dir='ltr'>hyems</span> <span class='ocrx_word' id='word_1_234' title='bbox 662 2438 805 2484; x_wconf 88' lang='lat' dir='ltr'>etiam</span> <span class='ocrx_word' id='word_1_235' title='bbox 830 2454 957 2484; x_wconf 89' lang='lat' dir='ltr'>nunc</span> <span class='ocrx_word' id='word_1_236' title='bbox 981 2436 1154 2499; x_wconf 86' lang='lat' dir='ltr'>frigore</span> <span class='ocrx_word' id='word_1_237' title='bbox 1179 2454 1292 2484; x_wconf 80' lang='lat' dir='ltr'>saxa</span> 
     </span>
     <span class='ocr_line' id='line_1_37' title="bbox 91 2504 1328 2569; baseline -0.002 -15"><span class='ocrx_word' id='word_1_238' title='bbox 91 2507 370 2569; x_wconf 87' lang='lat' dir='ltr'>Rumperet‚</span> <span class='ocrx_word' id='word_1_239' title='bbox 406 2514 452 2553; x_wconf 88' lang='lat' dir='ltr'>et</span> <span class='ocrx_word' id='word_1_240' title='bbox 472 2504 622 2568; x_wconf 88' lang='lat' dir='ltr'>glacie</span> <span class='ocrx_word' id='word_1_241' title='bbox 645 2520 811 2552; x_wconf 87' lang='lat' dir='ltr'>cursus</span> <span class='ocrx_word' id='word_1_242' title='bbox 837 2504 1041 2552; x_wconf 87' lang='lat' dir='ltr'>frenaret</span> <span class='ocrx_word' id='word_1_243' title='bbox 1065 2520 1292 2567; x_wconf 84' lang='lat' dir='ltr'>aquarum</span> <span class='ocrx_word' id='word_1_244' title='bbox 1314 2522 1328 2561; x_wconf 72' lang='lat'><em>3</em></span> 
     </span>
    </p>
   </div>
  </div>
 </body>
</html>
