1607 2700
124 83 218 124 150
466 88 513 122 P.
553 89 803 123 V1RG1LJ1
836 89 1103 124 MARONIS

119 208 723 265 HectoriS,A11dromache‚
751 209 966 273 Pyrrhin’
981 209 1221 256 connubia
1243 224 1398 256 servas
1415 209 1440 255 ’ἔ

118 275 314 336 Dejecit
340 277 536 331 vultum,
563 286 612 323 et
636 277 835 323 demissa
862 293 975 323 voce
1000 277 1164 323 locuta
1188 283 1293 323 est:
1355 282 1456 325 320

120 343 164 388 O
189 343 304 389 felix
324 359 414 388 una
440 351 548 389 ante
569 343 687 389 alias
715 344 946 389 Priameia
971 344 1117 405 virgo,

120 409 356 457 Hostilem
376 410 435 456 ad
461 410 699 456 tumulum
725 408 887 468 Trojae
913 410 1002 455 sub
1029 408 1264 455 moenibus
1290 408 1400 454 altis

124 478 271 525 Jussa
295 477 408 523 mori
428 495 439 532 ;
481 493 590 538 quae
617 476 816 522 sortitus
839 491 932 520 non
954 476 1149 537 pertulit
1171 475 1314 531 ullos,

119 545 225 590 Nec
243 543 432 590 victoris
462 542 558 588 heri
579 541 733 603 tetigit
759 541 951 603 captiva
971 543 1130 588 cubile
1148 544 1159 589 ἱ

118 611 240 666 Nos,
265 610 416 672 patria
441 608 651 663 incensa,
679 607 859 653 diversa
883 623 970 669 per
992 624 1184 670 aequora
1209 618 1379 664 vectae‚

119 678 292 740 Stirpis
313 675 542 723 Achilleae
566 674 734 730 fastuS,
753 674 1080 735 juvenemque
1099 675 1355 736 superbum

121 744 328 790 Servitio
353 742 748 793 enixae-‚tulimusz
789 741 868 803 qui
897 741 1072 787 deinde
1098 750 1288 788 secutus

120 811 345 857 Ledaeam
387 809 693 864 Hermionen,
733 808 1223 870 Lacedaemoniosque
1270 808 1451 870 Hyme-

318 892 466 934 naeos,
949 872 959 876 ”

120 945 203 990 Mc
228 943 456 989 famulam
479 942 752 1004 famuloque
774 941 959 987 Heleno
981 940 1240 987 transmisit
1273 941 1453 987 haben-

319 1009 449 1055 dam.

119 1081 207 1123 Ast
226 1077 376 1132 illum,
403 1083 581 1138 ereptae
606 1091 781 1135 magno
808 1073 1130 1120 inflammatus
1156 1089 1319 1121 amore
1356 1081 1456 1123 330

119 1143 367 1202 Conjugis,
395 1150 445 1189 et
463 1143 693 1189 scelerum
721 1141 868 1188 Furiis
894 1141 1319 1203 agitatus,Orestes

119 1211 313 1271 Excipit
333 1210 596 1267 incautum,
619 1209 896 1271 patriasque
938 1208 1203 1254 obtruncat
1236 1208 1296 1254 ad
1328 1225 1453 1256 aras·

117 1277 280 1323 Morte
306 1276 616 1337 Neoptolemi
639 1290 893 1337 regnorum
917 1274 1105 1320 reddita
1126 1274 1272 1321 cessit

118 1344 232 1389 Pars
259 1343 449 1390 Heleno
470 1358 481 1388 t
521 1343 603 1404 qui
625 1341 869 1389 Chaonios
891 1341 1176 1403 cognomine
1201 1357 1415 1402 campos,

118 1410 485 1472 Chaoniamque
511 1425 703 1456 omnem
737 1408 955 1470 Trojano
994 1424 1022 1454 a
1065 1408 1259 1454 Chaone
1298 1408 1453 1462 dixin

114 1476 458 1539 Pergamaque,
478 1475 914 1538 Iliacamquejugis
931 1475 1053 1521 banc
1071 1474 1259 1522 addidit
1274 1492 1452 1522 arcem.

116 1543 209 1590 Sed
231 1543 319 1590 tibi
344 1544 427 1606 qui
452 1559 647 1590 cursum
671 1542 819 1598 venti,
847 1558 956 1603 quae
981 1541 1082 1588 fata
1106 1541 1320 1590 dedere?

115 1612 216 1656 Aut
240 1610 345 1673 quis
364 1617 410 1656 te
434 1610 652 1672 ignarum
671 1609 843 1655 nostris
862 1610 994 1654 Deus
1016 1608 1200 1670 appulit
1224 1608 1353 1654 oris?

116 1676 249 1730 Quid
268 1693 390 1740 puer
413 1676 678 1724 Ascanius?
716 1682 992 1738 superatne,
1018 1684 1066 1721 et
1088 1675 1295 1721 vescitur
1309 1676 1454 1721 aura?

119 1744 277 1797 Quem
300 1743 390 1790 tibi
407 1742 512 1804 jam
537 1742 689 1803 Troja
1354 1747 1455 1790 340

117 1810 414 1872 Ecquaejam
439 1826 590 1872 puero
615 1816 688 1856 est
709 1809 890 1855 amissae
915 1824 1032 1855 cura
1055 1808 1304 1869 parentis?

119 1877 309 1939 Ecquid
328 1877 377 1924 in
401 1877 644 1941 antiquam
671 1875 891 1925 virtutem
912 1876 1187 1937 animosque
1212 1874 1386 1931 viriles,

119 1945 182 1990 Et
208 1954 340 2003 pater
363 1946 551 2001 AEneas,
578 1951 627 1990 et
652 1944 922 1991 avunculus
942 1943 1124 1990 excitat
1149 1942 1370 1990 Hector?

187 2011 329 2057 Talia
351 2010 585 2059 fundebat
610 2011 895 2074 lacrymans,
917 2011 1180 2071 longosque
1205 2009 1366 2057 ciebat

121 2077 371 2124 Incassum
399 2077 566 2132 fletus3
605 2077 718 2124 cum
745 2094 849 2124 sese
874 2094 899 2123 a
925 2076 1156 2123 moenibus
1181 2076 1319 2122 heros

121 2144 383 2191 Priamides
408 2146 570 2192 multis
592 2144 804 2191 Helenus
831 2144 1168 2190 comitantibus
1193 2143 1350 2200 affert,

121 2212 449 2273 Agnoscitque
471 2228 598 2268 suos,
624 2212 864 2273 laetusque
884 2211 943 2257 ad
968 2211 1127 2256 limina
1152 2208 1317 2264 ducit3

119 2277 183 2324 Et
208 2278 413 2324 multum
440 2279 676 2341 lacrymas
700 2280 848 2325 verba
873 2278 994 2324 inter
1019 2276 1205 2338 singula
1232 2276 1410 2323 fundit.

116 2343 352 2399 Procedo,
378 2352 427 2390 et
447 2360 641 2406 parvam
680 2345 897 2407 Trojam,
924 2344 1242 2403 simulataque
1268 2345 1450 2408 magnis

116 2410 364 2471 Pergama,
382 2418 431 2457 et
446 2419 659 2458 arentem
681 2411 866 2458 Xanthi
880 2409 1166 2472 cognomine
1182 2409 1339 2457 rivum
1355 2418 1452 2459 350

118 2480 362 2540 Agnosco,
391 2478 639 2542 Scaeaeque
663 2477 934 2542 amplector
957 2477 1117 2525 limina
1145 2487 1316 2541 portae.
