1607 2700
620 76 860 109 AEm-:mos
907 79 1016 113 Lm.
1058 80 1131 113 vr.
1424 76 1519 124 ‘219

200 203 346 260 Quod
369 211 414 251 te
439 217 523 265 per
546 199 658 246 coeli
675 198 951 259 jucundum
977 199 1136 244 lumen
1159 208 1207 246 et
1234 216 1391 256 auras,

198 270 289 318 Per
307 270 567 332 genitorem
589 283 692 320 oro,
731 281 816 327 per
841 282 971 328 spem
995 267 1231 327 surgentis
1261 267 1347 313 lali
1368 284 1380 320 ;

200 337 342 398 Eripe
363 353 436 382 me
463 335 550 388 his,
588 333 781 388 invicte,
821 333 987 379 malis:
1025 341 1108 378 aut
1135 340 1187 378 tu
1210 334 1321 379 mihi
1345 342 1516 380 terram

198 404 364 464 lnjice‚
385 416 591 462 namque
611 408 749 462 potes
768 416 779 452 ;
808 409 1072 461 portusque
1092 400 1277 459 require
1295 400 1516 454 Velinos;

196 473 297 517 Aut
311 476 377 523 tu,
416 468 452 514 si
481 482 578 529 qua
604 467 676 512 via
701 474 789 520 est,
817 467 856 512 si
881 482 1024 528 quam
1052 465 1136 511 tibi
1165 465 1287 512 Diva
1312 466 1516 515 creatrix

197 535 423 582 Ostendit
447 538 619 595 (neque
644 533 787 587 enim,
816 534 976 590 credo,
1000 532 1099 578 sine
1126 533 1318 578 numine
1344 534 1515 581 Divum

197 601 410 648 Flumina
434 609 567 648 tanta
594 616 731 661 paras
752 600 1060 662 Stygiamque
1085 599 1248 645 innare
1270 600 1516 660 paludem)

195 669 270 714 Da
295 670 510 714 dextram
539 667 719 721 misero,
739 675 785 712 et
811 676 972 713 tecum
995 683 1065 712 me
1091 666 1204 712 tolle
1230 682 1316 729 per
1345 667 1512 724 undas,

194 734 398 781 Sedibus
416 743 468 780 ut
488 734 656 780 saltem
678 732 877 794 placidis
896 734 938 779 in
961 740 1115 780 morte
1137 732 1398 794 quiescam.
1419 740 1508 790 371

192 801 331 847 Talia
350 801 476 847 fatus
500 808 618 857 erat,
646 800 788 861 coepit
807 800 919 846 cum
947 799 1056 846 talia
1083 808 1213 846 vates
1238 815 1249 845 :

193 867 332 913 Unde
359 868 479 924 brec,
502 885 531 914 o
558 866 789 923 Palinure,
816 867 904 914 tibi
925 875 1019 912 tam
1040 866 1142 912 dira
1167 866 1385 928 cupido?

191 935 270 981 Tu
296 935 491 997 Stygias
509 934 780 980 inhumatus
804 950 969 994 aquas,
989 949 1275 995 amnemque
1297 950 1514 980 severum

192 1001 510 1047 Eumenidum
537 1000 741 1061 aspicies
762 1000 780 1045 2
818 1001 1030 1062 ripamve
1057 999 1266 1060 injussus
1288 999 1481 1047 adibis'e

124 1084 126 1087 ’
191 1067 368 1113 Desine
396 1067 490 1113 fata
515 1067 671 1113 Deum
698 1065 828 1113 flecti
849 1083 1041 1128 sperare
1076 1067 1341 1128 precando.

190 1134 284 1180 Sed
311 1149 432 1195 cape
459 1133 594 1180 dicta
620 1150 819 1188 memor,
859 1134 967 1179 duri
993 1134 1164 1180 solatia
1189 1134 1347 1180 casus.

189 1200 314 1247 Nam
342 1209 424 1247 tua
448 1199 654 1257 finitimi,
694 1201 835 1260 longe
863 1201 1058 1262 lateque
1083 1217 1168 1262 per
1195 1202 1337 1248 urbes

191 1267 423 1327 Prodigiis
447 1266 540 1313 acti
567 1267 864 1322 coelestibus,
903 1284 1013 1313 ossa
1041 1267 1261 1327 piabunt,

190 1333 251 1379 Et
277 1341 492 1380 statuent
517 1333 768 1387 tumulum,
791 1343 837 1379 et
860 1336 1044 1380 tumulo
1059 1334 1285 1379 solemnia
1298 1333 1511 1390 mittent;

190 1399 532 1462 AEternumque
557 1399 692 1446 locus
718 1400 925 1446 Palinuri
949 1417 1118 1446 nomen
1146 1402 1365 1448 habebit.
1418 1408 1509 1450 381

193 1466 283 1512 His
308 1466 450 1513 dictis
468 1483 596 1513 curae
620 1474 806 1521 emotae,
834 1468 1098 1528 pulsusque
1124 1483 1381 1529 parumper

192 1533 352 1580 Corde
376 1533 514 1580 dolor
539 1534 688 1579 tristi:
727 1535 903 1594 gaudet
929 1534 1215 1595 cognomine
1239 1536 1378 1581 terra.

255 1599 385 1663 Ergo
406 1601 494 1647 iter
512 1600 757 1661 inceptum
775 1610 1026 1663 peragunt,
1054 1599 1297 1662 fluvioque
1317 1607 1514 1664 propin-

323 1674 509 1729 qnant;

188 1732 361 1780 Navita
387 1749 509 1794 quos
527 1733 633 1794 jam
653 1733 762 1779 inde
781 1740 833 1780 ut
850 1733 1013 1795 Stygia
1031 1734 1280 1796 prospexit
1305 1735 1366 1781 ab
1382 1735 1511 1782 unda

187 1800 274 1845 Per
293 1800 495 1846 tacitum
521 1816 688 1846 nemus
704 1801 786 1855 ire,
812 1801 1081 1862 pedemque
1099 1801 1344 1848 advertere
1365 1802 1509 1864 ripae;

188 1866 263 1912 Sic
289 1867 417 1928 prior
438 1866 713 1929 aggreditur
733 1867 892 1921 dictis,
931 1875 1080 1928 atque
1105 1867 1323 1929 increpat
1351 1869 1473 1914 ultro
1496 1886 1507 1916 :

187 1932 416 1995 Quisquis
433 1949 500 1990 cs,
523 1943 730 1979 armatus
749 1933 828 1994 qui
855 1942 1015 1979 nostra
1035 1933 1094 1979 ad
1119 1934 1313 1980 flumina
1333 1935 1508 1993 tendis,

190 1999 304 2046 Fare
329 2015 436 2064 age,
476 2000 592 2062 quid
620 1999 812 2053 venias;
844 1999 945 2061 jam
989 2000 1133 2046 isthic
1176 2010 1222 2046 et
1246 2003 1508 2064 comprime

318 2083 546 2128 gressum,
1394 2070 1506 2132 [rae:

190 2131 478 2180 Umbrarum
501 2133 578 2180 hic
603 2133 736 2179 locus
757 2140 846 2188 est,
870 2134 1050 2189 Somni,
1073 2133 1346 2196 Noctisque
1364 2152 1506 2198 sopo-

188 2197 408 2261 Corpora
434 2200 540 2246 viva
564 2197 698 2246 nefas
726 2200 889 2261 Stygia
925 2209 1116 2246 vectare
1139 2200 1319 2248 earinfft.
1409 2210 1502 2260 391

190 2265 292 2312 Nec
320 2266 427 2314 verr)
452 2267 653 2314 Alciden
681 2282 752 2311 mc
778 2282 878 2312 sum
904 2267 1093 2313 laetatus
1119 2276 1307 2314 euntem

189 2328 446 2394 Accepisse
471 2333 608 2388 lacu;
647 2349 735 2379 nec
759 2332 961 2391 Thesea,
1002 2335 1366 2398 Pirithoumque
1392 2353 1404 2390 ;

190 2397 277 2443 Dis
298 2414 572 2463 quanquam
591 2399 755 2462 geniti,
782 2406 927 2462 atque
950 2401 1116 2447 invicti
1135 2401 1311 2448 viribus
1335 2409 1505 2449 essent.

188 2462 467 2512 Tartareum
493 2468 572 2514 ille
599 2482 742 2513 manu
770 2466 1022 2514 custodem
1050 2468 1094 2515 in
1118 2467 1269 2514 vincla
1295 2468 1480 2531 petivit,
