1607 2700
168 57 258 108 192
507 62 554 97 Ρ.
592 61 853 98 νιιωιωι
872 63 1134 100 MARoms

163 184 373 238 Balteus,
400 191 446 228 et
472 184 607 230 tereti
633 184 875 232 subnectit
902 183 1056 231 fibula
1078 184 1279 247 gemma²

163 250 352 297 Tertius
376 250 601 311 Argolica
627 250 716 298 hac
741 251 874 312 galea
895 260 1148 297 contentus
1173 251 1322 298 abito.

228 318 346 363 Haec
366 316 446 361 ubi
462 316 604 371 dicta,
633 317 792 364 locum
807 317 1014 379 capiunt,
1035 317 1264 379 signoque
1283 317 1474 379 repente

164 383 439 445 Corripiunt
464 383 616 444 spatia
640 384 820 437 audito,
848 384 1086 445 limenque
1109 385 1380 447 relinquunt

160 449 326 505 Effusi,
349 449 510 495 nimbo
535 449 733 505 similes3
773 449 911 494 simul
937 450 1103 495 ultima
1128 451 1330 511 signant.

162 515 344 562 Primus
370 515 486 573 abit,
506 517 742 579 longeque
759 525 867 561 ante
892 516 1047 562 omnia
1064 533 1269 579 corpora
1287 518 1429 563 Nisus

158 582 364 639 Emicat,
390 590 439 630 et
463 583 615 629 ventis
641 593 688 629 et
711 581 914 628 fulminis
939 597 1087 645 ocyor
1110 583 1210 630 alis.

158 649 407 696 Proximus
429 649 556 705 huic,
581 649 723 711 longo
740 648 822 695 sed
848 648 1084 709 proximus
1099 649 1358 705 intervallo,
1380 657 1474 699 320

157 715 427 778 Insequitur
452 716 624 762 Salius.
696 714 863 778 Spatio
882 714 995 776 post
1019 714 1190 762 deinde
1215 717 1377 763 relicto

158 782 348 830 Tertius
374 783 624 845 Euryalus.
1351 783 1476 844 [ipso

158 848 515 912 Euryalumque
534 848 762 912 Helymus
783 847 1010 909 sequitur.
1038 848 1149 903 Quo
1172 847 1346 895 deinde
1371 849 1459 895 sub

89 968 101 981 ο
158 914 289 963 Ecce
310 915 453 974 volat,
482 915 763 978 calcemque
787 914 1008 975 teritjam
1047 915 1179 961 calce
1204 916 1392 971 Diores,

155 980 448 1028 Incumbens
475 983 705 1029 humero:
745 981 900 1044 spatia
917 991 963 1028 et
989 981 1025 1027 si
1049 982 1188 1043 plura
1220 982 1473 1043 supersint,

155 1048 386 1096 Transeat
410 1048 599 1110 elapsus
624 1049 763 1110 prior,
791 1048 1126 1110 ambiguumve
1149 1048 1401 1109 relinquat.

222 1116 428 1178 Jamque
448 1116 543 1162 fere
567 1115 720 1178 spatio
746 1124 958 1161 extremo
976 1114 1182 1176 fessique
1210 1116 1297 1160 sub
1323 1115 1472 1176 ipsam

157 1182 319 1229 Finem
345 1182 691 1238 adventabant;
731 1182 823 1228 levi
849 1181 960 1227 cum
984 1182 1211 1243 sangnine
1231 1182 1376 1228 Nisus

157 1249 363 1296 Labitur
385 1249 548 1295 infelix
568 1266 581 1304 ;
621 1248 756 1296 caesis
777 1256 831 1295 ut
855 1247 976 1294 forte
995 1248 1216 1308 juvencis
1351 1249 1475 1311 [baS.

157 1316 308 1363 Fusus
335 1317 533 1362 humum
558 1315 830 1377 viridesque
856 1330 1000 1376 super
1024 1314 1345 1361 madefecerat
1372 1315 1475 1362 her-

156 1382 253 1429 Hic
269 1382 595 1444 juvenis,jam
611 1383 764 1428 victor
787 1397 948 1437 ovans,
977 1382 1169 1443 vestigia
1194 1398 1354 1443 presso
1380 1388 1469 1429 331

157 1449 300 1496 Haud
327 1449 478 1496 tenuit
501 1449 711 1496 titubata
735 1448 831 1495 solo
853 1465 864 1502 ;
903 1447 984 1494 sed
1014 1464 1191 1510 pronus
1215 1448 1258 1494 in
1286 1447 1388 1511 ipso

159 1516 385 1563 Concidit
410 1515 749 1578 immundoque
775 1515 892 1561 fimo
914 1531 1146 1577 sacroque
1172 1531 1356 1562 cruore.

155 1582 268 1629 Non
293 1591 451 1629 tamen
476 1583 685 1644 Euryali,
713 1598 806 1627 non
831 1580 907 1627 ille
927 1581 1105 1627 oblitus
1130 1597 1343 1628 amorum
1365 1598 1376 1629 ε

155 1649 282 1698 Nam
303 1666 407 1696 sese
433 1648 661 1712 opposuit
680 1647 817 1704 Salio,
844 1663 928 1709 per
950 1647 1135 1693 lubrica
1159 1664 1347 1709 surgens
1366 1666 1379 1703 ;

159 1715 427 1764 llle'autem
453 1716 604 1777 spissa
624 1715 782 1777 jacuit
807 1714 1046 1761 revolutus
1072 1715 1227 1760 arena.

158 1783 347 1830 Emicat
372 1782 621 1845 EurJaIUS,
648 1790 696 1828 et
717 1797 906 1827 munere
931 1780 1083 1827 victor
1105 1780 1244 1827 amici

157 1849 314 1896 Prima
337 1857 483 1905 tenet,
501 1850 767 1911 plausuque
783 1848 913 1894 volat
936 1846 1222 1909 fremituque
1247 1847 1473 1897 secundo.

157 1916 275 1962 Post
301 1916 535 1979 Helymus
563 1914 707 1971 subit,
735 1923 782 1962 et
806 1931 929 1961 nunc
955 1915 1088 1960 tertia
1113 1915 1269 1976 palma
1290 1915 1472 1962 Diores.

160 1983 255 2029 Hic
281 1992 432 2029 totum
451 1999 610 2030 caveae
637 1998 903 2029 consessum
927 1980 1146 2043 ingentis,
1172 1989 1218 2027 ct
1242 1997 1323 2027 ora
1379 1988 1474 2029 340

159 2048 317 2096 Prima
341 2059 529 2112 patrum
555 2049 735 2112 magnis
755 2049 908 2095 Salius
921 2047 1205 2094 clamoribus
1230 2047 1419 2109 implet;

160 2115 489 2178 Ereptumque
515 2115 628 2163 dolo
654 2115 789 2162 reddi
814 2115 899 2161 sibi
926 2115 1076 2176 poscit
1100 2115 1341 2161 honorem.

161 2182 374 2229 Tutatur
399 2183 536 2229 favor
561 2182 831 2244 Euryalum,
860 2181 1178 2244 lacrymaeque
1202 2180 1405 2238 decorae,

164 2249 361 2295 Gratior
385 2258 432 2295 et
456 2249 661 2310 pulchro
686 2249 869 2295 veniens
895 2248 940 2295 in
965 2264 1162 2310 corpore
1188 2247 1353 2294 virtus.

161 2315 394 2376 Adjuvat,
421 2325 469 2362 et
489 2318 656 2378 magna
682 2316 946 2376 proclamat
969 2331 1084 2360 voce
1110 2313 1292 2370 Diores,

164 2383 260 2435 Qui
286 2382 433 2428 subiit
459 2382 658 2444 palmae3
696 2380 961 2444 frustraque
986 2380 1043 2427 ad
1070 2380 1264 2443 praemia
1284 2380 1410 2428 venit

163 2448 360 2507 Ultima,
388 2448 425 2495 si
451 2448 590 2512 primi
616 2447 739 2495 Salio
776 2448 1039 2495 redduntur
1065 2448 1281 2494 honores.
