1607 2700
199 89 289 131 132
525 97 574 131 Ρ.
613 96 863 132 V1RG1L11
904 96 1171 131 MARoms

196 213 525 262 Procubuere:
564 223 728 263 tenent
748 217 916 273 Danai,
938 214 1031 278 qua
1057 214 1222 262 deficit
1246 215 1391 277 ignis.

262 280 476 327 Forsitan
500 291 546 328 et
570 282 743 329 Priami
770 282 939 329 fuerint
963 298 1070 344 quae
1098 282 1210 338 fata,
1235 284 1467 344 requiras.

196 346 340 393 Urbis
367 348 447 393 ubi
471 357 627 411 capta:
647 365 827 405 casum,
855 349 1180 410 convulsaque
1205 348 1319 394 vidit
1346 351 1490 411 [temz

195 412 382 459 Limina
405 422 656 470 tectorum,
685 424 732 460 et
758 415 964 460 medium
986 415 1029 459 in
1049 415 1367 475 penetralibus
1386 417 1496 460 hos·

193 480 339 525 Arma
364 480 446 526 diu
466 481 620 528 senior
644 480 839 527 desueta
865 481 1173 527 trementibus
1195 498 1296 527 aevo
1401 489 1496 536 509

192 544 474 593 Circumdat
497 548 812 608 nequicquam
830 547 1054 602 humeris,
1076 557 1121 593 et
1139 548 1304 594 inutile
1321 546 1494 593 ferrum

192 610 423 670 Cingitur,
452 629 507 659 ac
531 614 704 659 densos
730 613 880 658 fertur
905 613 1154 658 moriturus
1180 614 1223 658 in
1251 614 1428 659 hostes,

255 678 451 724 AEdibus
474 680 520 725 in
549 678 730 733 mediis,
755 678 982 739 nudoque
1007 680 1096 724 sub
1116 680 1301 726 aetheris
1325 696 1428 734 axe,

191 742 362 804 Ingens
387 761 467 791 ara
491 743 855 806 fuit,juxt·21que
881 744 1130 791 veterrima
1152 745 1327 799 laurus,

188 809 477 856 Incumbens
498 827 608 867 arae,
635 820 780 873 atque
804 810 973 857 umbra
1000 810 1250 872 complexa
1274 812 1492 857 Penates-

188 875 285 921 Hic
315 877 531 933 Hecuba,
553 886 600 924 et
624 887 749 923 natae
774 878 1094 938 nequicquam
1120 877 1279 923 altaria
1297 877 1494 932 circum,

186 942 464 1001 Praecipites
480 944 579 990 atra
603 960 691 990 ceu
716 952 996 1005 tempestate
1022 943 1273 999 columbae,

188 1007 722 1065 Condensae,etDivfim
740 1010 970 1072 amplexae
983 1010 1234 1056 simulacra
1247 1009 1493 1056 sedebant.

187 1074 352 1135 Ipsum
378 1084 533 1122 autem
560 1077 723 1122 sumtis
756 1077 992 1122 Priamum
1025 1076 1316 1136 juvenilibus
1354 1077 1493 1121 armis

186 1140 256 1186 Ut
278 1140 395 1187 vidit
416 1159 427 1189 ι
453 1145 574 1200 Quae
601 1159 729 1188 mens
755 1152 851 1188 tam
871 1142 986 1198 dira,
1014 1143 1273 1188 miserrime
1293 1147 1491 1202 con-jux,

185 1206 385 1268 Impulit
409 1210 477 1255 his
502 1209 623 1270 cingi
650 1209 786 1255 telis?
810 1217 891 1254 aut
917 1209 1012 1269 quo
1039 1209 1167 1255 ruis?
1203 1209 1370 1271 iuquit.
1398 1216 1492 1256 520

185 1273 295 1319 Non
321 1274 401 1320 tali
426 1276 616 1332 auxilio,
644 1291 731 1321 nec
756 1274 1091 1321 defensoribus
1116 1275 1216 1321 istis
1269 1276 1489 1338 [Hector.

184 1339 401 1400 Tempus
437 1349 545 1403 eget
568 1357 579 1386 :
632 1358 741 1396 non,
781 1341 818 1386 si
841 1340 941 1402 ipse
992 1358 1122 1387 meus
1161 1358 1285 1387 nunc
1324 1342 1492 1389 afforet

184 1406 294 1452 Huc
321 1406 512 1453 tandem
539 1408 777 1454 concede:
817 1408 916 1453 haec
941 1424 1021 1453 ara
1046 1407 1256 1454 tuebitur
1280 1425 1455 1465 omues,

183 1476 285 1518 Aut
305 1474 502 1520 moriere
527 1474 682 1520 simul.
755 1472 833 1520 Sic
859 1489 939 1520 ore
959 1474 1118 1529 effata,
1157 1475 1338 1536 recepit

183 1537 262 1584 Ad
287 1556 403 1595 sese,
431 1549 478 1587 et
495 1542 625 1587 sacra
650 1541 912 1600 longaevum
940 1540 982 1585 in
1009 1540 1118 1587 sede
1144 1541 1336 1587 locavit.

251 1605 378 1651 Ecce
404 1614 564 1652 autem
589 1607 775 1668 elapsus
796 1606 963 1668 Pyrrhi
989 1605 1045 1651 de
1071 1607 1203 1653 caede
1223 1608 1415 1665 Polites,

181 1670 316 1716 Unus
335 1680 551 1718 natorum
573 1673 756 1729 Priami,
782 1688 866 1734 per
890 1673 1000 1728 tela,
1030 1689 1112 1734 per
1138 1673 1292 1719 hostes

179 1736 449 1784 Porticibus
475 1739 628 1800 longis
653 1738 789 1800 sugit,
817 1747 864 1785 et
888 1754 1035 1785 vacua
1055 1739 1168 1785 atria
1193 1740 1351 1786 lustrat

179 1803 400 1851 Saucius:
438 1805 566 1850 illum
588 1805 759 1852 ardens
785 1805 953 1851 infesto
971 1806 1158 1851 vulnere
1178 1806 1379 1868 Pyrrhus
1402 1807 1486 1869 [tii.

178 1868 794 1933 Insequitur,jamjamque
812 1879 1117 1927 manutenet,
1133 1880 1179 1918 et
1196 1873 1363 1934 premit
1387 1876 1488 1919 lius-

180 1935 247 1981 Ut
264 1937 458 1984 tandem
477 1946 586 1984 ante
603 1939 765 1985 oculos
782 1937 928 1984 evasit
947 1946 1085 1985 etora
1104 1949 1373 2000 parentum,
1392 1947 1482 1987 5:31

181 2003 419 2060 Concidit,
446 2020 502 2050 ac
529 2005 679 2052 multo
705 2004 847 2051 vitam
875 2021 982 2050 cum
1011 2005 1236 2067 sanguine
1255 2005 1394 2053 fudit.

179 2064 278 2114 Hic
298 2069 525 2127 Priamus,
548 2087 816 2134 quanquam
838 2086 882 2116 m
902 2071 1054 2117 media
1071 2072 1176 2131 jam
1195 2080 1343 2118 morte
1361 2081 1467 2118 tene

316 2143 406 2191 tur,

182 2199 292 2245 Non
321 2210 475 2248 tamen
502 2203 748 2260 abstinuit,
775 2220 861 2249 nec
891 2204 1009 2259 voci,
1033 2203 1208 2265 iraeque
1232 2205 1424 2266 peperci
1444 2212 1482 2251 t.

183 2267 358 2312 At'tibi
379 2284 471 2328 pro,
491 2271 682 2326 scelere,
705 2271 954 2325 exclamat,
977 2286 1060 2331 pro
1084 2271 1255 2316 talibus
1280 2272 1415 2328 ausis,

183 2332 250 2378 Di
276 2332 328 2389 (si
354 2350 448 2394 qua
473 2343 542 2379 est
568 2337 687 2381 coelo
714 2336 880 2397 pietas,
904 2353 1010 2397 quae
1036 2335 1147 2382 talia
1171 2343 1324 2393 curet)

187 2399 458 2445 Persolvant
485 2411 638 2462 grates
658 2402 835 2462 dignas,
863 2411 909 2448 et
936 2403 1125 2463 praemia
1156 2403 1359 2450 reddant

186 2465 383 2512 Debita:
425 2468 505 2527 qui
530 2468 624 2513 uati
650 2485 811 2514 coram
837 2485 909 2514 me
935 2485 1124 2514 cernere
1145 2469 1290 2516 letum

190 2531 375 2588 Fecisti,
404 2542 447 2578 et
475 2533 652 2595 patrios
675 2534 863 2581 soedalsti
891 2533 1052 2582 funere
1075 2535 1250 2584 vultus.
