1586 2704
95 97 190 140 306
423 105 466 138 P.
503 103 751 138 vrnormr
795 103 1060 138 Marionis

87 218 271 266 Juveris
299 219 473 265 auxilio
499 235 511 266 t
550 220 620 266 sin
650 228 719 267 tot
739 235 967 283 responsa
992 218 1161 275 secuti,

89 285 213 340 Quae
234 285 391 347 superi
410 302 669 348 manesque
688 286 893 333 dabant:
917 301 1002 331 cur
1022 302 1143 332 nunc
1163 293 1243 331 tua
1260 285 1391 347 quis-

222 367 365 412 quam

89 414 453 478 Flecterejussa
471 418 663 479 potest?
685 425 867 464 auteur
891 433 1014 463 nova
1032 416 1235 463 condere
1255 417 1390 464 fata?

89 481 218 534 Quid
244 491 456 544 repetam
475 492 666 530 exustas
695 484 900 545 Erycino
924 483 971 529 in
996 484 1152 530 littore
1177 484 1349 529 classes
1371 485 1391 530 ζ’

87 547 215 599 Quid
243 557 576 610 tempestatum
601 565 778 609 regem,
803 557 1062 610 ventosque
1088 549 1296 596 furentes

87 613 239 659 AEolia
264 615 463 670 excitoS,
490 622 572 660 aut
598 623 751 660 actam
780 614 988 660 nubibus
1010 615 1119 660 [rim
1142 616 1161 661 ’Ξ

87 678 231 726 Nunc
257 681 399 727 etiam
427 696 587 726 manes
611 681 735 740 (haec
761 680 996 726 intentata
1020 680 1240 725 manebat

88 745 200 790 Sors
227 748 401 805 rerum)
427 754 605 803 movet,
621 754 668 792 et
684 747 863 807 superis
884 745 1093 792 immissa
1119 743 1312 808 repente
1329 754 1391 794 40

87 811 297 867 Allect0‚
325 811 507 858 medias
530 812 702 858 Italum
730 811 966 858 bacchata
992 826 1076 872 per
1103 813 1260 858 urbes.

87 875 169 922 Nil
195 892 339 937 super
358 877 557 940 imperio
584 893 806 924 mov2e0r
847 879 1139 939 speravimus
1159 878 1263 934 ista,

88 942 215 989 Dum
245 942 431 990 fortuna
457 943 577 991 fnit:
620 944 823 998 vincant,
862 961 981 1005 quos
1011 944 1197 990 vincere
1227 945 1391 992 maviS.

88 1008 138 1055 Si
165 1009 291 1055 nulla
317 1017 387 1056 est
411 1010 558 1071 regiO,
584 1010 934 1071 Teucrisquam
957 1012 1037 1056 det
1063 1018 1141 1055 tua
1170 1011 1348 1070 conjux

88 1075 249 1128 Dura3
288 1091 372 1137 per
397 1092 591 1133 eversae,
618 1076 814 1138 genitor,
838 1076 1063 1121 fumantia
1089 1076 1254 1136 Trojae

35 1176 39 1183 ἰ
88 1140 289 1187 Excidia
315 1142 559 1196 obtestor3
588 1142 727 1187 liceat
746 1141 982 1188 dimittere
1007 1143 1068 1187 ab
1095 1143 1234 1187 aruis

36 1248 39 1260 ,
87 1206 381 1252 Incolumem
410 1208 689 1262 Ascanium,
716 1207 859 1254 liceat
877 1223 1126 1268 superesse
1152 1217 1393 1270 nepotem.

85 1273 256 1318 AEneas
277 1273 386 1319 sane
414 1273 814 1334 ignotisjactetur
837 1274 883 1319 in
915 1273 1080 1325 undis;

36 1338 40 1352 ⁷
87 1339 166 1395 Et,
192 1355 527 1401 quamcunque
555 1340 676 1386 viam
703 1337 887 1385 dederit
914 1338 1118 1395 fortuna,
1142 1350 1391 1402 sequatur:

88 1403 230 1450 Hunc
250 1413 422 1466 tegere,
440 1413 485 1451 et
504 1404 619 1452 dirae
637 1405 813 1451 valeam
835 1404 1103 1453 subducere
1121 1422 1311 1468 pugnae.
1333 1415 1396 1455 50

87 1470 174 1516 Est
199 1472 448 1526 Amathus,
476 1480 547 1518 est
573 1471 698 1518 celsa
736 1471 850 1517 mihi
881 1472 1092 1533 Paphos,
1130 1482 1273 1534 atque
1300 1474 1396 1534 Cy-

86 1536 351 1599 Idaliaeque
368 1537 538 1583 domus
562 1554 574 1585 :
614 1539 777 1600 posttis
805 1537 1031 1599 inglorius
1057 1537 1196 1584 armis
1222 1539 1393 1600 [tliera,

85 1601 259 1665 Exigat
283 1602 363 1650 hic
388 1620 558 1650 aevurn.
629 1603 810 1666 Magna
836 1603 1020 1650 ditione
1038 1603 1212 1664 jubeto

87 1669 328 1730 Carthago
354 1678 537 1731 premat
563 1671 820 1716 Ausoniam
845 1686 856 1716 :
895 1670 1011 1715 nihil
1033 1670 1233 1715 urbibus
1251 1669 1363 1714 inde

85 1733 318 1782 Obstabit
342 1735 519 1797 Tyriis.
594 1735 723 1790 Quid
748 1743 928 1797 pestem
955 1734 1158 1782 evadere
1185 1735 1294 1781 belli

84 1800 234 1857 Juvit‚
260 1809 306 1847 et
332 1801 588 1863 Argolicos
618 1800 822 1847 medium
844 1800 1019 1863 fugisse
1040 1817 1126 1863 per·
1141 1801 1274 1862 ignes
1294 1803 1314 1847 ἲ

83 1865 277 1930 Totque
313 1868 453 1913 maris
481 1874 721 1928 vastaeque
745 1867 973 1913 exhausta
999 1867 1208 1930 pericula
1233 1877 1385 1922 terrae,

86 1933 215 1980 Dum
243 1933 429 1980 Latium
454 1933 633 1980 Teucri
674 1932 986 1996 recidivaque
1011 1934 1236 1996 Pergama
1258 1949 1389 1995 quae·

219 1999 368 2046 runt?

89 2064 198 2110 Non
224 2065 367 2110 satius
389 2065 563 2112 cineres
578 2064 986 2125 patriaeinsedisse
1003 2066 1393 2128 supremos['e'=n1a

87 2131 250 2191 Atque
275 2131 426 2177 solum
453 2148 547 2192 quo
577 2131 723 2192 Troja
752 2130 868 2178 suit?
895 2132 1137 2177 Xanthum
1166 2141 1211 2177 et
1239 2132 1393 2177 Simo-

87 2195 274 2251 Redde,
300 2213 402 2253 oro,
419 2197 621 2243 miseris:
653 2199 916 2259 iterumque
929 2197 1166 2243 revolvere
1179 2213 1315 2242 casus
1330 2195 1387 2244 61

88 2261 181 2317 Da,
206 2271 356 2323 pater,
383 2264 554 2310 Iliacos
578 2263 797 2310 Teucris.
862 2263 984 2309 Tum
1013 2263 1136 2323 regia
1156 2264 1283 2309 Juuo

86 2329 213 2374 Acta
239 2327 396 2375 furore
421 2329 584 2391 gravi:
630 2330 759 2384 Quid
790 2346 862 2375 me
884 2329 978 2375 alta
996 2329 1179 2375 silentia
1208 2329 1337 2388 cogis

44 2420 49 2426 ·
87 2392 348 2455 Rumpere,
381 2404 428 2441 et
453 2394 717 2442 obductum
747 2396 899 2441 verbis
927 2395 1114 2455 vulgare
1140 2395 1350 2440 dolorem

37 2522 47 2530 ⁴
87 2460 267 2507 AEnean
294 2460 533 2507 homiuum
556 2463 806 2525 quisquam
839 2462 1070 2508 Divt'unve
1098 2462 1281 2522 subegit
