1546 2686
131 110 188 149 76
471 111 519 145 Ρ.
555 113 794 150 vmmmr
836 106 1075 145 uAaoms

128 228 323 276 Bisaltae
347 244 442 292 quo
467 244 594 275 more
619 226 787 287 solent,
813 244 1013 291 acerque
1039 227 1274 284 Gelonus,

129 297 251 342 Gum
264 294 389 359 fugit
399 295 444 342 in
456 294 738 358 Rhodopen,
751 304 890 358 atque
908 294 954 340 in
964 294 1154 342 deserta
1165 295 1416 352 Getarum,

129 363 191 409 Et
214 361 289 408 lac
313 369 586 408 concretum
607 377 714 408 cum
736 361 965 424 sanguine
989 370 1123 424 potat
1147 360 1334 426 equino.

184 427 341 483 Quam
355 427 537 490 procul,
551 436 634 474 aut
644 427 773 474 molli
784 426 1039 474 succedere
1053 427 1226 491 saepius
1241 429 1420 473 umbrae

128 494 335 551 VideriS‚
361 502 444 541 aut
470 510 676 540 summas
702 501 973 555 carpentem
990 493 1207 555 ignavius
1227 493 1418 547 herbas,

127 563 495 623 Extremamque
515 559 664 622 sequi,
687 568 770 606 aut
788 558 945 605 medio
962 561 1269 620 procumbere
1290 576 1419 607 cam-

128 628 424 683 Pascentem,
452 636 500 674 et
524 642 641 673 serae
668 625 817 671 solam
844 624 1074 672 decedere
1099 626 1250 681 nocti;
1336 628 1421 689 [po

128 692 365 741 Continuo
389 692 511 740 ferro
536 692 723 755 culpam
750 706 1018 754 compesce,
1056 691 1334 755 priusquam

127 761 243 807 Dira
261 776 344 823 per
364 759 608 806 incautum
630 766 822 822 serpant
836 756 1057 820 contagia
1076 757 1264 820 vulgus.
1322 759 1422 804 469

128 827 238 874 Non
273 835 371 872 tam
405 827 585 883 creber,
637 841 782 888 agens
817 824 1054 889 hyemem,
1099 824 1195 870 ruit
1228 840 1421 886 aequore

261 893 417 950 turbo,
1353 891 1420 953 [bi

128 956 286 1013 Quam
309 959 471 1006 multae
496 957 733 1021 pecudum
753 965 938 1020 pestes:
975 971 1064 1002 nec
1085 954 1274 1017 singula
1297 971 1422 1002 mor-

129 1026 346 1088 Corpora
372 1025 630 1088 corripiunt
640 1041 651 1079 ;
691 1024 776 1071 sed
798 1034 897 1071 tota
923 1022 1091 1070 aestiva
1115 1021 1323 1084 repente,

128 1092 378 1155 Spemque,
405 1107 688 1155 gregemque
714 1091 872 1148 simul,
899 1097 1217 1151 cunctamque
1243 1088 1301 1133 ab
1327 1086 1420 1134 ori-

260 1159 368 1220 gine
395 1166 600 1220 gentem.

125 1225 245 1271 Tum
272 1224 407 1282 sciat,
444 1224 598 1271 aerias
625 1223 771 1286 Alpes
797 1232 843 1270 et
869 1222 1048 1269 Norica
1074 1221 1112 1268 si
1139 1218 1246 1282 quis

127 1290 339 1337 Castella
362 1291 408 1338 in
434 1291 643 1347 tumulis,
682 1299 729 1336 et
753 1289 928 1352 lapidis
954 1305 1064 1335 arva
1088 1284 1288 1343 Timavi,

125 1358 266 1404 Nunc
286 1373 475 1420 quoque
494 1355 603 1419 post
623 1365 756 1403 tanto
775 1356 952 1409 videat,
973 1354 1252 1415 desertaque
1276 1368 1422 1416 regna

125 1424 397 1479 Pastorum,
435 1432 482 1470 et
506 1422 646 1484 longe
671 1421 820 1468 saltus
849 1422 1035 1484 lateque
1059 1427 1303 1467 vacanteS.

190 1489 282 1536 Hic
303 1489 545 1553 quondam
570 1489 734 1535 morbo
756 1487 860 1534 coeli
881 1487 1150 1534 miseranda
1169 1494 1331 1532 coorta
1350 1500 1399 1530 es

123 1555 422 1618 Tempestas,
443 1564 640 1617 totoque
662 1553 873 1601 autumni
893 1553 1141 1600 incanduit
1159 1561 1297 1604 aestu,
1324 1552 1425 1597 479

125 1621 186 1668 Et
210 1638 357 1685 genus
378 1637 515 1669 omne
541 1620 643 1667 neci
665 1619 901 1682 pecudum
937 1619 1087 1676 dedit,
1126 1633 1264 1665 omne
1300 1616 1421 1663 fera-

123 1688 440 1752 Corrupitque
464 1687 617 1745 lacus,
654 1686 818 1733 infecit
840 1686 1018 1748 pabula
1043 1686 1170 1732 tabo.
1279 1684 1423 1746 [rum,

119 1755 228 1802 Dec
254 1755 329 1801 via
352 1754 514 1801 mortis
542 1761 643 1801 erat
669 1751 983 1815 simplex,sed
1010 1752 1091 1798 ubi
1117 1750 1259 1813 ignea
1280 1750 1422 1795 venis

121 1819 170 1867 N
175 1821 361 1867 mnibus
388 1829 494 1868 acta
520 1820 622 1867 sitis
647 1819 842 1865 miseros
871 1818 1136 1865 adduxerat
1151 1823 1304 1868 artus;

127 1887 312 1933 Rursus
338 1885 611 1934 abundabat
635 1884 811 1932 fluidus
838 1884 1007 1948 liquor,
1029 1883 1279 1944 omniaque
1301 1881 1348 1926 in
1369 1896 1421 1927 se

127 1953 254 1999 Ossa
278 1954 545 2000 minutatim
572 1953 734 2000 morbo
755 1950 972 2014 collapsa
996 1949 1227 1998 trahebat.

127 2019 265 2082 Saepe
282 2019 329 2065 in
343 2019 520 2067 honore
534 2019 688 2066 Deum
705 2017 862 2065 medio
880 2026 1010 2064 stans
1026 2015 1185 2063 hostia
1201 2012 1261 2060 ad
1275 2028 1422 2069 aram,

127 2085 285 2134 Lanea
310 2086 423 2133 dum
446 2083 585 2133 nivea
608 2084 930 2132 circumdatur
956 2082 1106 2130 infula
1131 2077 1266 2136 vitta,

127 2151 255 2198 Inter
286 2161 563 2200 cunctantes
589 2150 764 2199 cecidit
786 2149 1067 2197 moribunda
1091 2147 1347 2193 ministros,

125 2217 228 2264 Aut
247 2220 286 2266 si
307 2235 449 2282 quam
474 2218 596 2265 ferro
620 2224 915 2264 mactaverat
939 2215 1048 2263 ante
1075 2210 1317 2267 sacerdos,

127 2284 244 2331 lnde
268 2301 422 2348 neque
448 2283 682 2347 impositis
711 2283 878 2331 ardent
902 2280 1071 2329 altaria
1097 2278 1241 2336 fibris,
1324 2275 1424 2322 490

132 2350 231 2397 Nec
256 2367 485 2414 responsa
502 2358 662 2413 potest
687 2349 934 2397 consultus
959 2346 1157 2394 reddere
1181 2353 1338 2395 vates;

125 2417 198 2466 Ac
222 2417 299 2463 vix
324 2417 555 2480 suppositi
581 2416 826 2478 tinguntur
847 2413 1076 2477 sanguine
1100 2409 1256 2466 cultri,

128 2483 416 2545 Summaque
434 2480 596 2545 jejuna
623 2482 753 2529 sanie
779 2481 1040 2528 infuscatur
1066 2492 1222 2524 arena.

128 2548 254 2597 Hinc
281 2548 401 2596 laetis
427 2548 558 2596 vituli
586 2546 728 2613 vulgb
753 2547 1017 2595 moriuntur
1041 2544 1089 2591 in
1112 2541 1291 2599 herbita,
