1607 2700
557 109 820 145 AENEIDGS
861 109 968 143 LIB.
1010 110 1087 143 tx.
1367 103 1446 143 281

143 233 250 280 Irim
271 233 330 280 de
354 231 476 280 coelo
501 230 628 278 misit
647 228 867 276 Saturnia
891 229 1016 275 Juno

142 301 386 346 Audacem
409 297 470 344 ad
495 297 727 343 Turnum.
800 296 932 342 Luco
969 303 1068 341 tum
1094 295 1213 342 forte
1246 297 1453 359 parentis

140 366 347 412 Pilumni
365 365 558 412 Turnus
584 362 767 410 sacrata
791 362 913 409 valle
941 362 1156 410 sedebat.

138 433 215 479 Ad
256 448 394 495 quem
437 432 502 478 sic
529 447 664 477 roseo
687 429 1032 477 Thaumantias
1059 445 1138 474 ore
1164 429 1325 476 locuta
1349 438 1452 478 est:

137 500 316 555 Turne,
344 499 471 562 quod
498 498 682 560 optanti
710 497 886 543 Divum
913 495 1187 557 promittere
1207 512 1347 542 nemo

136 565 365 623 Auderet‚
392 565 626 613 volvenda
649 565 749 610 dies
774 580 829 610 en
855 562 1016 610 attulit
1041 563 1179 609 ultro.

135 633 322 691 AEneaS‚
350 633 483 690 urbe,
511 640 559 680 et
582 632 739 687 sociis,
766 640 812 677 et
835 631 983 677 classe
1008 629 1190 685 relicta,

137 699 336 761 Sceptra
360 699 560 746 Palatini
584 698 844 759 sedemque
870 697 991 759 petit
1016 695 1239 742 Evandri.

137 765 239 812 Nec
267 767 379 813 satis
398 783 409 813 ε
435 775 668 814 extremas
690 764 891 826 Corythi
913 762 1187 826 penetravit
1205 761 1265 809 ad
1285 760 1451 816 urbes;

136 831 477 896 Lydorumque
497 848 707 886 manum,
729 831 960 877 collectos
976 837 1125 876 armat
1140 836 1369 892 agrestes.
1394 836 1445 877 ll

137 898 267 952 Quid
292 900 520 947 dubitas?
545 915 672 946 nunc
696 905 885 961 tempus
911 912 1077 959 equos,
1103 912 1229 942 nunc
1254 911 1454 958 poscere

268 982 451 1014 currus.

135 1031 324 1095 Rumpe
350 1049 501 1079 moras
526 1047 704 1088 omnes,
731 1038 778 1077 et
798 1030 991 1077 turbata
1014 1029 1170 1092 arripe
1197 1037 1369 1076 castra.

201 1098 351 1156 Dixit,
381 1107 430 1147 et
453 1100 500 1145 in
526 1099 697 1146 coelum
723 1097 919 1159 paribus
945 1112 994 1143 se
1019 1096 1210 1143 sustulit
1233 1097 1337 1153 alis,

136 1166 480 1228 lugentemque
503 1165 614 1227 fuga
641 1165 793 1211 secuit
817 1166 904 1210 sub
930 1163 1138 1210 nubibus
1163 1179 1346 1211 arcum.

137 1233 341 1294 Agnovit
359 1233 567 1293 juvenis,
596 1231 907 1294 duplicesque
932 1232 991 1277 ad
1018 1230 1170 1276 sidera
1190 1231 1373 1293 palmas

136 1299 350 1357 Sustulit,
377 1315 433 1346 ac
458 1299 539 1347 tali
566 1298 824 1360 fugientem
852 1306 925 1344 est
950 1313 1065 1342 voce
1099 1305 1321 1343 secutus:

134 1364 217 1421 Iri,
246 1365 390 1412 decus
417 1366 539 1421 coeli,
566 1368 672 1427 quis
697 1374 745 1410 te
770 1363 882 1408 mihi
907 1363 1117 1409 nubibus
1143 1372 1302 1410 actam

136 1432 323 1479 Detulit
342 1433 387 1478 in
414 1433 598 1480 terras?
623 1430 745 1478 unde
771 1430 871 1477 liaec
894 1439 989 1477 tam
1016 1430 1146 1476 clara
1169 1431 1365 1492 repente

134 1499 460 1561 Tempestas?
485 1499 694 1546 medium
719 1496 857 1544 video
882 1497 1121 1544 discedere
1143 1498 1335 1554 coelum,
1392 1506 1453 1546 20

135 1565 451 1627 Palantesque
474 1567 586 1628 polo
611 1564 786 1611 stellas.
859 1565 1041 1626 Sequar
1064 1563 1221 1610 omina
1240 1571 1386 1620 tanta,

136 1633 364 1695 Quisquis
390 1634 435 1680 in
460 1648 588 1678 arma
615 1646 777 1678 vocaS.
814 1632 874 1677 Et
901 1631 968 1677 sic
989 1630 1174 1686 effatus,
1197 1631 1256 1677 ad
1279 1630 1452 1678 undam

133 1698 386 1756 Processit,
408 1714 687 1761 summoque
712 1697 868 1744 hausit
905 1697 963 1744 de
1000 1697 1184 1760 gurgite
1221 1697 1451 1761 lymphas,

136 1766 293 1812 Multa
314 1768 443 1814 Deos
468 1782 638 1819 orans;
664 1764 972 1826 oneravitque
997 1767 1175 1811 aethera
1199 1765 1337 1812 votiS.

200 1834 407 1895 Jamque
433 1833 584 1880 omnis
610 1832 791 1893 campis
817 1831 1054 1878 exercitus
1079 1831 1180 1877 ibat
1203 1832 1396 1894 apertis,

135 1898 281 1946 Dives
306 1900 494 1962 equum,
523 1900 651 1946 dives
677 1899 823 1960 picta'i'
840 1899 1000 1955 vestis,
1026 1907 1072 1945 et
1097 1898 1214 1944 auri.

135 1967 389 2029 Messapus
406 1969 576 2030 primas
596 1965 738 2020 acies,
766 1973 1009 2027 postrema
1034 1971 1257 2012 coercent

136 2034 386 2096 Tyrrhidae
404 2034 642 2095 juvenes;
683 2033 840 2078 medio
865 2033 961 2079 dux
987 2033 1169 2094 agmine
1194 2033 1385 2080 Turnus

136 2098 374 2147 *Vertitur
398 2117 529 2148 arma
553 2109 728 2155 tenens,
754 2110 800 2145 et
825 2106 929 2145 toto
955 2100 1128 2147 vertice
1164 2098 1306 2161 supra
1340 2099 1453 2146 estj*

137 2167 235 2212 Cen
262 2174 446 2230 septem
472 2183 664 2230 surgens
691 2167 864 2212 sedatis
889 2168 1105 2214 amnibus
1124 2166 1247 2214 altus
1390 2174 1453 2215 30

137 2234 226 2280 Per
250 2236 442 2281 tacitum
471 2239 693 2294 Gangem
720 2242 804 2281 aut
828 2235 990 2296 pingui
1015 2233 1204 2281 flumine
1231 2233 1384 2288 Nilus,

139 2301 257 2347 Cum
285 2302 439 2350 refluit
455 2302 653 2366 campis,
681 2299 841 2360 etjam
868 2317 918 2347 se
944 2300 1160 2347 condidit
1184 2302 1335 2347 alveo.

206 2368 298 2414 Hic
324 2370 527 2416 subitam
553 2370 687 2430 nigro
712 2369 958 2430 glomerari
984 2369 1180 2430 pulvere.
1200 2368 1371 2414 nubem

137 2435 442 2496 Prospiciunt
463 2435 660 2491 Teucri,
682 2452 736 2481 ac
758 2436 974 2482 tenebras
994 2436 1231 2496 insurgere
1251 2435 1449 2497 campis.

138 2502 320 2550 Primus
339 2503 400 2549 ab
421 2503 614 2551 adversa
640 2503 907 2550 conclamat
932 2502 1056 2549 mole
1082 2503 1254 2550 Caicus
1275 2517 1287 2547 ε
