1607 2700
559 82 820 117 AENfflnos
863 81 970 114 ΗΒ.
1010 82 1110 114 vii.
1379 75 1473 122 239

231 206 308 252 Sic
333 203 507 252 deinde
531 203 721 259 effatus,
749 201 988 248 frondenti
1003 209 1220 264 tempora
1245 217 1376 247 ramo

165 272 400 333 lmplicat,
418 281 484 327 et,
503 267 930 329 Geniumqueloci,
949 268 1246 330 primamque
1264 269 1474 313 Deorum

162 339 419 392 Tellurem,
447 337 794 400 Nymphasque
814 344 860 381 et
886 334 1047 381 adhuc
1069 333 1230 395 ignota
1254 343 1479 397 precatur

162 405 402 451 Numina:
431 413 531 450 tum
546 404 769 456 Noctem,
797 401 1068 463 Noctisque
1089 400 1291 446 orientia
1316 401 1476 462 Signa,

163 470 441 533 Idaeumque
457 472 645 525 Jovem,
661 467 1012 530 Phrygiamque
1033 484 1088 512 ex
1100 467 1263 513 ordine
1281 477 1478 513 matrem

162 539 377 593 Invocat,
399 545 446 583 et
469 537 689 600 duplices
712 535 942 596 Coel(›que
962 535 1216 596 Ereboque
1242 544 1478 595 parentes.

161 604 257 650 Hic
281 613 419 666 pater
438 603 738 666 omnipotens
763 610 833 646 ter
858 602 982 647 coelo
1008 600 1163 647 clarus
1181 601 1242 645 ab
1262 600 1360 646 alto
1391 608 1474 646 141

161 671 389 726 Intonuit,
416 670 655 732 radiisque
680 668 926 714 ardentem
952 667 1073 713 lucis
1098 676 1144 713 et
1169 683 1283 713 auro

164 738 268 799 lpse
293 753 438 784 manu
464 736 685 800 quatiens
711 735 921 781 ostendit
944 734 1006 780 ab
1032 735 1207 781 aetbere
1232 732 1427 780 nubem.

162 804 356 849 Diditur
381 805 458 849 liic
481 804 641 849 subito
658 802 870 859 Trojana
899 818 982 863 per
1008 802 1195 860 agmina
1222 816 1398 855 rumor,

161 870 425 917 Advenisse
449 870 595 925 diem,
624 884 720 932 quo
743 868 907 915 debita
927 868 1099 914 moenia
1125 867 1350 913 condant.

163 939 386 983 Certatim
415 939 679 984 instaurant
705 935 885 996 epulas,
926 945 1071 995 atque
1096 936 1251 979 omine
1278 950 1449 995 magno

162 1003 382 1052 Crateras
406 1005 503 1050 laeti
523 1012 751 1058 statuunt,
796 1012 842 1047 et
869 1001 976 1047 vina
1001 1009 1251 1047 coronant.

228 1071 423 1117 Postera
447 1071 557 1116 cum
584 1070 740 1133 prima
764 1070 999 1115 lustrabat
1020 1068 1241 1129 lampade
1268 1077 1414 1114 terras

162 1138 282 1184 Orta
308 1137 407 1183 dies
430 1155 441 1192 ;
479 1138 666 1194 urbem,
694 1146 742 1183 et
761 1136 897 1191 fines,
925 1145 972 1183 et
996 1137 1155 1183 littora
1181 1137 1335 1195 gentis

164 1204 350 1262 Diversi
375 1206 653 1269 explorant;
681 1206 782 1251 haec
803 1205 944 1249 fontis
971 1214 1137 1264 stagna
1158 1204 1368 1261 Numici,
1393 1211 1484 1251 150

163 1271 521 1335 HuncTybrim
537 1271 751 1327 fluvium,
770 1272 844 1316 liic
866 1271 1012 1316 fortes
1041 1271 1255 1316 babitare
1273 1271 1483 1316 Latinos.

161 1339 290 1385 Tum
318 1350 450 1385 satus
474 1339 683 1385 Anchisa
708 1338 922 1383 delectos
949 1338 1115 1383 ordine
1141 1338 1201 1383 ab
1224 1336 1353 1382 omni
1404 1334 1407 1337 ’

163 1406 368 1452 Centum
396 1417 605 1452 oratores
631 1414 830 1465 augusta
856 1404 915 1449 ad
943 1405 1115 1449 moenia
1141 1403 1264 1465 regis

162 1471 234 1517 lre
254 1474 414 1533 jubet,
442 1472 580 1517 ramis
599 1472 777 1518 velatos
806 1471 1010 1516 Palladis
1035 1487 1220 1524 omnes;

163 1539 396 1601 Donaque
419 1539 539 1584 serre
565 1539 678 1591 viro,
698 1553 963 1599 pacemque
983 1552 1243 1597 exposcere
1263 1536 1482 1582 Teneris.

165 1605 306 1651 Haud
335 1622 490 1652 mora:
530 1603 917 1663 festinantjussi,
939 1603 1218 1665 rapidisque
1236 1603 1453 1648 seruntur

163 1672 402 1719 passibus,
475 1672 585 1734 Ipse
613 1670 774 1718 humili
801 1670 1022 1731 designat
1049 1672 1220 1716 moenia
1242 1670 1383 1725 fossa,

161 1739 460 1801 Moliturque
483 1739 662 1792 locum,
683 1738 958 1800 primasque
985 1737 1030 1782 in
1057 1738 1212 1783 littore
1237 1737 1375 1782 sedes

161 1804 440 1853 Castrorum
472 1805 519 1852 in
548 1820 726 1852 morem
752 1805 905 1867 pinnis
926 1812 1070 1865 atque
1090 1820 1258 1866 aggere
1275 1803 1438 1863 cingit.

225 1874 432 1934 Jamque
453 1872 540 1918 iter
562 1871 756 1925 emensi,
785 1881 936 1917 turres
962 1886 1017 1918 ac
1056 1881 1183 1916 tecta
1211 1870 1485 1916 Latinorum

164 1938 328 1985 Ardua
353 1939 612 1984 cernebant
632 1936 853 1997 juvenes,
883 1954 1116 1998 muroque
1142 1937 1366 1983 subibant
1389 1954 1399 1983 :

162 2008 285 2051 Ante
311 2005 476 2051 urbem
503 2004 639 2067 pueri
664 2011 713 2050 et
737 2005 968 2066 primaevo
994 2003 1350 2064 florejuventus
1397 2002 1483 2052 162

161 2073 458 2119 Exercentur
482 2071 631 2134 equi5‚
649 2071 986 2132 domitantque
1003 2071 1046 2115 in
1069 2071 1266 2133 pulvere
1293 2087 1483 2126 currus3

161 2141 261 2185 Aut
284 2155 417 2185 acres
444 2139 649 2185 tendunt
674 2153 830 2193 arcus,
859 2146 941 2184 aut
973 2138 1098 2184 lenta
1120 2137 1309 2184 lacertis

163 2205 358 2258 Spicula
384 2205 724 2266 contorquent,
745 2220 987 2267 cursuque
1012 2205 1210 2266 ictuque
1229 2206 1490 2257 lacessunn

163 2271 284 2317 Cum
306 2280 569 2334 praevectus
595 2287 721 2332 equo
742 2271 944 2333 longaevi
967 2272 1090 2333 regis
1117 2272 1177 2318 ad
1204 2287 1340 2318 aures

161 2338 381 2385 Nuncius
395 2340 619 2402 'ingentes
646 2339 806 2398 ignota
833 2340 876 2383 in
906 2346 1031 2385 veste
1059 2349 1272 2402 reportat

161 2405 423 2452 Advenisse
447 2407 588 2453 viros.
661 2404 742 2450 llle
769 2403 891 2451 intra
911 2414 1042 2452 tecta
1061 2406 1220 2452 vocari

164 2471 385 2534 Imperat,
412 2480 458 2519 ct
484 2475 606 2520 solio
632 2472 818 2519 medius
846 2473 1063 2519 consedit
1087 2473 1232 2520 uvit0.
