1546 2686
479 80 791 116 GEORGICA.
842 79 953 114 mn.
993 78 1068 113 xv,
1354 66 1416 113 87

108 203 381 263 Pabulaque
401 201 445 248 in
466 199 648 248 foribus
676 197 824 260 plenis
842 213 1028 258 appone
1054 195 1287 242 canistris.
1327 204 1424 244 ‘280

74 272 127 326 2}—
173 269 264 315 Sed
291 268 328 313 si
356 283 494 330 quem
521 266 679 328 proles
699 263 856 310 subit&
881 262 1109 308 defecerit
1132 263 1301 317 omnis,

111 335 230 389 Nec,
270 350 416 393 genus
437 339 562 381 unde
585 347 722 378 novae
739 330 892 393 stirpis
908 337 1170 385 revocetur,
1194 329 1390 376 habebit
1405 366 1419 385 ,

105 402 317 462 Tempus
342 409 389 447 et
430 399 621 448 Arcadii
662 400 964 444 memoranda
989 395 1179 441 inventa
1211 398 1422 458 magistri

104 467 333 523 Pandere,
372 483 562 530 quoque
600 463 744 511 modo
783 464 914 510 caesis
932 462 1031 524 jan]
1060 461 1421 523 saepejuvencis

103 533 377 579 Insincerus
403 550 514 596 apes
533 531 689 579 tulerit
714 547 870 576 cruor.
941 528 1096 576 Altius
1121 543 1307 573 omnem

103 599 386 662 Expediam‚
425 600 577 662 prim-[t
600 605 815 660 repetens
836 598 897 643 ab
922 594 1116 655 origine,
1154 594 1330 640 famam

103 665 225 712 Nam
252 664 347 728 qua
374 667 532 713 Pellaei
551 681 664 727 gens
688 663 930 710 fortunata
956 660 1140 722 Canopi

102 732 297 778 Accolit
319 732 468 779 effuso
493 739 790 794 stagnantem
811 729 999 776 flumine
1024 728 1203 781 Nilum,

104 798 165 843 Et
191 798 371 845 circum
396 799 538 861 pictis
563 798 748 844 vehitur
771 812 855 842 sua
876 811 985 842 rura
1009 792 1240 857 phaselis3

104 864 309 927 Quaque
325 866 610 928 pharetratae
630 863 801 910 vicinia
823 862 1024 909 Persidis
1050 866 1201 921 urget,
1328 866 1424 916 290

71 974 82 986 „
103 931 167 977 Et
187 931 380 978 viridem
401 930 815 995 AEgyptumnigra
839 929 1087 975 foecundat
1110 924 1268 981 arena,

105 998 170 1045 Et
191 997 372 1045 diversa
386 1014 525 1045 ruens
551 1006 733 1060 septem
759 996 980 1042 discurrit
1004 995 1050 1041 in
1074 1009 1157 1041 ora

47 1067 268 1129 s-‡.‚„Usque
288 1066 512 1113 color-atis
527 1065 673 1111 amnis
692 1063 903 1110 devexus
927 1063 988 1108 ab
1017 1060 1145 1108 Indis
1167 1075 1179 1112 ;

85 1121 273 1179 ”Omnis
298 1133 346 1178 in
372 1134 458 1179 hac
475 1141 653 1178 certam
677 1130 942 1191 regiojacit
964 1136 1060 1175 arte
1086 1127 1301 1173 salutem.
1322 1138 1383 1183 «qm

169 1200 381 1261 Exiguus
399 1199 619 1262 prinlum,
640 1206 782 1259 atque
798 1197 928 1258 ipsos
945 1202 1217 1241 contractus
1236 1189 1295 1236 ad
1311 1205 1424 1237 usus

103 1265 482 1322 Eligiturlocus:
522 1266 644 1310 hunc
672 1264 951 1325 angustique
975 1262 1170 1309 imbrice
1194 1260 1311 1306 tecti

107 1331 466 1392 Parietibnsque
493 1338 711 1392 premunt
729 1330 883 1384 arctis,
920 1337 967 1375 et
1002 1338 1207 1390 quatuor
1225 1326 1425 1384 addunt,

106 1396 326 1450 Quatuor
343 1413 369 1442 a
395 1397 540 1442 ventis
565 1395 762 1456 obliqua
789 1395 894 1440 luce
919 1394 1162 1440 fenestras.

105 1462 234 1508 Tum
253 1462 444 1517 vitulus,
483 1462 610 1507 bima
636 1459 953 1520 curvansjam
980 1476 1159 1506 cornua
1186 1458 1358 1517 fronte,

105 1528 379 1582 Quaeritur:
403 1528 513 1574 huic
539 1527 736 1589 geminae
756 1542 906 1582 nares,
938 1534 984 1572 et
1000 1526 1186 1588 spiritus
1203 1528 1296 1573 oris
1328 1535 1425 1576 300

105 1596 263 1642 Multa
286 1593 536 1641 reluctanti
559 1593 777 1640 obsuitur
797 1610 809 1647 3
847 1593 1093 1655 plagisque
1117 1601 1328 1654 peremto

102 1661 268 1708 Tunsa
291 1678 376 1724 per
400 1663 627 1724 integram
652 1661 895 1706 solvuntur
919 1659 1102 1706 viscera
1126 1660 1313 1721 pellem.

104 1728 184 1775 Sic
210 1730 413 1790 positum
440 1729 486 1775 in
520 1728 684 1775 clauso
720 1728 970 1789 linquunt3
1006 1735 1051 1772 et
1090 1743 1245 1773 ramea
1286 1727 1428 1774 costis

104 1794 372 1856 Sub-jiciunt
384 1794 660 1857 fragmenta,
682 1794 918 1856 thymum,
937 1793 1180 1855 casiasque
1193 1804 1423 1840 recentes.

104 1860 213 1907 Hoc
225 1861 416 1923 geritur,
431 1861 661 1924 Zephyris
673 1860 875 1922 primum
888 1859 1241 1922 impellentibus
1255 1860 1424 1916 undas,

104 1928 230 1974 Ante
249 1927 379 1974 novis
403 1928 606 1974 rubeant
631 1925 777 1989 quam
802 1933 940 1988 prata
963 1926 1222 1984 coloribus,
1250 1928 1358 1973 aute

106 1993 312 2040 Garrula
336 1993 480 2056 quam
505 1993 644 2055 tignis
664 1993 825 2039 nidum
853 1992 1114 2055 suspendat
1140 1993 1358 2042 hirundo.

104 2059 292 2108 Interea
318 2060 489 2107 teneris
514 2058 783 2121 tepefactus
808 2060 853 2106 in
878 2059 1067 2107 ossibus
1093 2059 1264 2107 humor

106 2127 321 2184 AEstuat3
361 2135 407 2174 et
433 2126 624 2174 visenda
645 2126 798 2172 modis
823 2126 1040 2173 animalia
1064 2126 1207 2183 miris,

104 2192 298 2239 Trunca
318 2193 489 2255 pedum
502 2192 673 2256 prime,
692 2209 801 2238 mox
819 2200 866 2240 et
887 2192 1131 2239 stridentia
1145 2191 1307 2255 pennis
1331 2199 1426 2240 310

107 2258 390 2316 Miscentur,
409 2267 690 2320 tenuemque
709 2259 873 2321 magis,
892 2260 1039 2321 magis
1064 2265 1175 2306 aeta
1192 2268 1394 2320 carpunt
1414 2274 1426 2305 ε

107 2324 295 2382 Donec,
334 2335 386 2373 ut
406 2326 582 2372 aestivis
604 2324 784 2372 effusus
809 2326 1016 2372 nubibus
1042 2325 1205 2380 imber,

117 2398 354 2461 Erupere;
390 2408 474 2446 aut
499 2406 567 2455 ut,
604 2412 747 2444 nervo
772 2397 988 2458 pulsante
1015 2395 1213 2456 sagittae,

117 2463 274 2512 Prima
290 2465 415 2512 leves
434 2465 594 2512 ineunt
618 2465 653 2510 si
677 2462 868 2523 quando
893 2462 1053 2523 praelia
1079 2461 1256 2507 Parthi.
1279 2462 1390 2523 [tem
1413 2462 1434 2507 ’ἱ

108 2532 110 2535 ’
185 2530 307 2587 Quis
323 2532 454 2578 Deus
479 2532 616 2589 lianc,
656 2532 827 2586 Musae,
864 2528 970 2593 quis
995 2529 1129 2574 nobis
1152 2528 1338 2574 extudit
1361 2543 1435 2572 ur-
