1607 2700
603 64 861 99 AENEIDOS
902 62 1009 95 LIB.
1051 62 1099 93 V.
1391 55 1482 97 205

182 188 447 247 indicitque
473 185 647 240 forum,
677 191 725 229 et
746 183 962 245 patribus
985 182 1069 230 dat
1087 183 1200 244 jura
1225 183 1420 229 vocatis,

178 256 305 301 Tum
332 255 486 299 vicina
510 251 650 297 astris
678 250 886 312 Erycino
911 250 956 294 in
983 250 1158 295 vertice
1186 249 1322 295 sedes

179 320 424 367 Fundatur
437 316 600 363 Veneri
621 317 811 370 Idaliae3
840 314 1354 376 tumuloquesacerdos
1393 313 1488 368 760

179 388 241 433 Et
268 387 400 432 lucus
426 384 518 430 late
545 399 679 429 sacer
701 382 892 429 additur
917 382 1171 428 Anchiseo.

178 453 382 513 Jamque
407 450 507 496 dies
533 450 728 511 epulata
752 465 918 495 novem
945 464 1056 508 gens
1078 446 1247 501 omnis,
1275 456 1322 493 et
1346 447 1435 493 aris

181 519 357 564 Factus
379 518 555 569 honos3
582 515 761 578 placidi
788 522 1053 561 straverunt
1079 529 1272 574 aequora
1298 514 1453 567 venti;

181 583 359 630 Creber
375 592 423 629 et
437 582 649 643 aspirans
670 598 830 628 rursus
852 589 992 627 vocat
1012 582 1185 626 Auster
1208 581 1254 624 in
1276 579 1439 625 altum.

180 648 402 695 Exoritur
420 665 657 711 procurva
682 649 844 708 ingens
869 664 952 709 per
977 647 1138 693 littora
1165 646 1302 692 fletus
1323 663 1333 700 ;

179 715 427 777 Complexi
453 715 572 761 inter
594 732 642 762 se
667 722 956 775 noctemque
986 714 1206 772 diemque
1231 719 1488 760 morantur.

179 781 419 842 Ipsaejam
445 790 647 836 matres3
674 780 781 844 ipsi,
809 781 982 843 quibus
1007 797 1173 842 aspera
1199 779 1440 841 quondam

177 848 290 893 Visa
310 847 449 895 maris
476 848 616 894 facies
639 857 686 894 et
711 864 803 893 non
830 847 1076 893 tolerabile
1102 862 1291 902 nomen,

179 914 255 960 Ire
281 914 461 971 volunt,
488 930 773 976 omnemque
797 913 920 974 fugae
945 913 1153 975 perferre
1176 913 1400 958 laborem.

180 981 317 1034 Quos
346 981 498 1027 bonus
523 982 692 1027 AEneas
719 980 858 1026 dictis
883 980 1060 1026 solatur
1075 979 1257 1034 amicis,
1396 986 1490 1033 770

179 1047 243 1092 Et
257 1047 611 1109 consanguineo
635 1041 896 1109 lacrymans
923 1045 1230 1092 commendat
1248 1048 1454 1093 Acestae.

178 1112 304 1160 Tres
330 1114 471 1176 Eryci
498 1114 688 1170 vituIOS‚
715 1122 762 1160 et
786 1115 1179 1175 Tempestatibus
1205 1129 1378 1174 agnam

180 1179 380 1226 Caedere
405 1179 580 1227 deinde
598 1181 759 1241 jubet,
800 1181 1015 1242 solvique
1041 1196 1097 1224 ex
1123 1179 1286 1225 ordine
1313 1178 1490 1225 funem.

180 1245 295 1307 Ipse
321 1255 473 1309 caput
492 1255 642 1294 tonsae
668 1247 791 1293 foliis
819 1248 1036 1295 evinctus
1064 1247 1218 1301 olivae,

183 1312 326 1358 Stans
339 1313 505 1374 procul
521 1314 565 1360 in
579 1315 738 1375 prora,
751 1321 958 1374 pateram
972 1322 1116 1369 tenet,
1129 1323 1334 1375 extaque
1346 1312 1493 1357 salsos

181 1378 386 1425 Potricit
409 1380 452 1424 in
479 1378 666 1435 fluctus,
693 1397 748 1426 ac
773 1380 879 1426 vina
902 1379 1131 1441 liquentia
1155 1378 1325 1426 fundit.

181 1443 497 1508 Prosequitur
521 1463 718 1508 surgens
744 1463 770 1492 a
794 1448 946 1509 puppi
974 1455 1140 1491 ventus
1165 1454 1328 1492 euntes
1349 1462 1360 1491 ε

184 1510 414 1557 Certatim
441 1514 555 1558 socii
581 1513 756 1560 feriunt
780 1530 924 1568 mare,
952 1522 998 1558 et
1022 1528 1215 1574 aequora
1251 1522 1459 1560 verrunt.

252 1580 314 1624 At
336 1579 496 1625 Venus
522 1580 700 1626 interea
724 1580 1000 1640 Neptunum
1027 1579 1233 1625 exercita
1259 1581 1382 1625 curis

183 1643 471 1706 Alloquitur,
486 1646 699 1708 talesque
715 1645 1122 1707 effunditpectore
1133 1653 1352 1706 questus:
1401 1653 1494 1700 780

182 1710 385 1757 Junonis
405 1712 561 1774 gravis
587 1713 654 1759 ira
678 1721 725 1759 et
746 1711 1113 1759 inexsaturabile
1139 1721 1310 1772 pectus

186 1777 377 1836 Cogunt
393 1794 484 1835 me,
503 1779 745 1841 Neptune,
762 1795 930 1841 preces
942 1778 1233 1825 descendere
1250 1779 1494 1825 inomnes:

187 1843 346 1898 Quam
371 1860 458 1891 nec
475 1845 615 1907 longa
639 1845 757 1901 dies,
785 1846 933 1907 pietas
959 1861 1047 1891 nec
1073 1846 1254 1907 mitigat
1282 1846 1395 1902 ulla;

187 1909 293 1956 Nec
318 1910 451 1957 Jovis
476 1911 674 1973 imperio
699 1911 873 1958 fatisve
899 1911 1097 1958 infracta
1122 1913 1343 1974 quiescit.

188 1975 300 2021 Non
327 1977 482 2024 media
507 1978 565 2025 de
591 1986 730 2041 gente
753 1979 990 2041 Phrygum
1014 1978 1227 2025 exedisse
1248 1978 1466 2026 nefandis

187 2036 368 2089 Urbem
410 2044 529 2091 odiis
575 2046 690 2093 satis
737 2054 826 2102 est,
876 2061 963 2091 nec
1005 2062 1192 2107 poenam
1239 2053 1393 2092 traxse
1418 2061 1501 2107 per

323 2126 506 2157 omnem

193 2173 463 2237 Reliquias;
492 2179 650 2241 Trojze
675 2179 855 2225 cineres
900 2188 1045 2241 atque
1079 2195 1183 2225 ossa
1208 2188 1436 2241 peremtae

192 2238 492 2303 Insequitur:
519 2260 689 2292 causas
712 2246 824 2292 tanti
850 2247 971 2292 sciat
997 2247 1073 2292 illa
1097 2245 1282 2293 furoris.

197 2306 310 2367 Ipse
336 2309 446 2356 mihi
471 2327 623 2372 nuper
643 2312 838 2375 Libycis
864 2321 916 2359 tu
941 2314 1072 2359 testis
1098 2314 1142 2359 in
1170 2313 1305 2359 undis

199 2373 356 2446 Quam
383 2376 550 2423 molem
578 2379 736 2425 subito
763 2379 980 2426 excierit:
1009 2380 1152 2426 maria
1178 2380 1334 2426 onmia
1360 2379 1481 2427 coelo

202 2438 419 2498 Miscuit,
440 2443 602 2492 AEoliis
630 2447 946 2509 nequicquam
974 2446 1089 2493 freta
1109 2446 1354 2508 pi·ocellis;
1408 2454 1497 2501 791

779 2508 870 2558 ΕΒ
