1586 2704
555 103 819 139 AENmnos
858 103 969 137 Lm.
1010 103 1116 136 x11.
1382 92 1476 139 363

178 219 331 267 Velati
348 219 531 275 lim0,et
551 217 755 264 verbena
779 225 999 280 tempora
1016 219 1176 265 vincti.
1387 227 1475 269 120

176 286 399 333 Procedit
420 285 541 346 legio
567 284 880 341 Ausonidum,
906 285 1150 347 pilataque
1177 286 1330 347 plenis

175 353 380 413 Agmina
402 369 454 398 se
477 351 684 398 fundunt
710 351 865 414 portis
888 368 898 398 :
940 352 1050 398 hine
1067 353 1241 399 Troius
1259 352 1428 407 omniS,

173 419 548 481 Tyrrhenusque
572 419 665 464 ruit
690 419 828 464 variis
854 419 1090 465 exercitus
1110 420 1275 473 armis3

175 485 318 531 Haud
345 502 482 531 secus
504 486 721 532 instructi
743 485 884 541 ferro,
906 485 1049 547 quam
1064 485 1103 532 si
1125 502 1292 546 aspera
1305 486 1477 535 Martis

177 553 338 614 Pugna
363 560 521 598 vocet.
589 553 695 598 Nec
719 568 814 598 non
836 552 1002 598 mediis
1020 553 1064 598 in
1092 553 1294 599 millibus
1317 554 1411 616 ipsi

175 619 416 666 Ductores
435 635 551 665 auro
575 619 778 665 volitant
800 627 1028 680 ostroque
1054 619 1216 665 decori
1243 637 1253 673 ;

175 685 236 730 Et
255 701 402 745 genus
429 686 654 732 Assaraci
681 686 974 742 Mnestheus,
1001 695 1049 733 et
1074 685 1208 731 fortis
1232 686 1424 748 Asylas,

172 751 233 797 Et
259 754 509 814 Messapus
533 752 710 816 equum
737 753 960 809 domitor,
983 753 1223 813 Neptunia
1244 753 1423 816 proles.

173 817 335 880 thue
360 819 475 866 (lato
501 820 635 881 signo
670 819 823 881 spatia
848 821 893 865 in
918 836 1002 866 sua
1029 825 1234 882 quisque
1258 820 1471 873 recessit,

171 883 400 947 Defigunl
430 887 593 932 tellure
621 886 800 942 hastas,
830 896 877 933 et
903 896 1039 932 scuta
1066 887 1314 932 reclinant.
1381 893 1473 933 130

169 950 297 997 Tum
324 953 483 999 studio
507 953 673 1000 effusae
700 962 890 1009 matres,
917 962 963 999 et
983 954 1146 1013 vulgus
1166 954 1417 1009 inermum,

172 1017 467 1082 invalidique
494 1036 647 1076 senes,
675 1028 823 1066 turres
851 1029 896 1067 et
923 1027 1052 1066 tecta
1075 1020 1325 1066 domorum

170 1084 448 1134 obsedere:
486 1087 565 1133 alii
583 1087 734 1150 portis
754 1087 1038 1132 sublimibus
1063 1095 1236 1131 astant.

235 1153 301 1199 At
317 1154 441 1200 Juno
458 1170 483 1199 e
505 1170 708 1209 summo,
743 1155 825 1216 qui
850 1170 977 1199 nune
1005 1155 1225 1199 Albanus
1252 1153 1469 1210 habetur,

167 1218 317 1278 (Tum
348 1236 502 1282 neque
544 1237 714 1267 nomeu
751 1229 868 1277 erat,
895 1237 985 1267 nec
1022 1222 1190 1277 honos,
1216 1228 1298 1266 aut
1323 1219 1471 1282 gloria

299 1288 464 1344 monti)

168 1351 470 1414 Prospiciens
493 1353 689 1410 tumulo,
707 1370 930 1415 campum
948 1355 1215 1415 spec-tabat,
1235 1361 1281 1400 et
1306 1353 1466 1400 ambas

170 1420 460 1468 Laurentum
482 1420 764 1483 Troumque
779 1422 927 1477 acies,
943 1421 1207 1483 urbemque
1228 1421 1400 1467 Latini.

170 1486 424 1550 Extemplo
445 1488 599 1534 Turni
622 1488 686 1534 sic
712 1499 783 1534 est
798 1489 941 1534 affata
965 1504 1187 1543 sororem,

171 1552 293 1600 Diva
319 1555 489 1611 Deam,
518 1554 694 1615 stagnis
715 1571 822 1615 quae
842 1553 1215 1616 fluminibusque
1241 1555 1421 1601 sonoris

169 1620 425 1676 Praesidet;
453 1622 577 1667 hunc
604 1621 667 1667 illi
684 1638 764 1667 rex
784 1622 971 1667 aetlieris
984 1621 1110 1667 altus
1131 1622 1360 1668 honorem
1380 1629 1470 1670 140

167 1687 359 1750 Jupiter
383 1688 546 1750 erepta
579 1704 668 1751 pro
695 1687 958 1750 virginitate
984 1687 1187 1734 sacravit
1209 1704 1219 1734 :
1357 1689 1467 1751 [tro,

166 1754 410 1817 Nympha,
437 1755 586 1802 decus
610 1755 878 1810 fluviorum,
905 1754 1062 1800 animo
1078 1754 1341 1816 gratissima
1360 1771 1469 1802 nos-

166 1820 286 1876 Scis,
314 1829 365 1868 ut
386 1830 432 1868 te
459 1821 648 1868 cunctis
677 1838 833 1878 unam,
862 1837 1166 1882 quaecunque
1193 1822 1372 1868 Latiuae

166 1888 460 1949 Magnanimi
483 1888 617 1935 Jovis
643 1888 879 1950 ingratum
907 1887 1165 1934 ascendere
1185 1889 1360 1944 cubile,

166 1954 478 2011 Praetulerim,
506 1955 710 2018 coelique
731 1955 898 2001 lubens
919 1954 963 2000 in
985 1963 1120 2015 parte
1142 1955 1356 2001 locatim.

166 2020 311 2067 Disce
338 2030 488 2077 tuum,
513 2025 593 2081 (ne
618 2038 693 2068 me
712 2021 920 2074 incuses)
943 2022 1161 2077 haurn-a,
1189 2021 1420 2070 dolorem.

166 2086 276 2141 Qua
302 2088 402 2135 visa
426 2097 498 2134 est
522 2088 713 2135 fortuna
738 2088 854 2150 pati,
886 2089 1141 2150 Parcaeque
1166 2089 1382 2135 sinebant

168 2153 351 2200 Cedere
376 2171 450 2202 res
477 2155 634 2211 Latio,
659 2155 877 2201 Turnum
904 2162 953 2201 et
980 2165 1061 2202 tua.
1090 2157 1256 2202 muenia
1281 2155 1401 2202 texi:

167 2219 551 2283 Nuncjuvenem
573 2221 835 2284 imparibus
865 2221 1003 2267 video
1030 2238 1315 2269 concurrere
1340 2222 1466 2278 fatis,

168 2287 520 2351 Parcarumque
545 2287 644 2334 dies
663 2296 710 2334 et
737 2288 802 2334 vis
829 2288 1012 2334 inimica
1038 2290 1348 2352 propinquat.
1379 2296 1470 2337 150

167 2353 277 2400 Non
289 2370 495 2417 pugnam
511 2355 724 2418 aspicere
743 2355 863 2400 lianc
882 2355 1148 2411 oculis‚non
1165 2354 1345 2402 foedera.
1361 2371 1472 2417 pos-

165 2419 244 2466 Tu
270 2436 356 2482 pro
380 2437 607 2483 germano
630 2421 665 2468 si
690 2420 803 2484 quid
826 2423 1108 2484 praesentius
1134 2422 1298 2478 audes,
1324 2423 1469 2484 [sum.

167 2487 331 2550 Perge,
359 2487 500 2536 decet
527 2506 538 2537 :
567 2488 728 2535 forsan
756 2489 955 2535 miseros
975 2488 1170 2536 meliora
1190 2497 1466 2552 sequentur.
