<?xml version="1.0" encoding="UTF-8"?>
<!DOCTYPE html PUBLIC "-//W3C//DTD XHTML 1.0 Transitional//EN"
    "http://www.w3.org/TR/xhtml1/DTD/xhtml1-transitional.dtd">
<html xmlns="http://www.w3.org/1999/xhtml" xml:lang="en" lang="en">
 <head>
  <title>
</title>
<meta http-equiv="Content-Type" content="text/html;charset=utf-8" />
  <meta name='ocr-system' content='tesseract 3.04.00' />
  <meta name='ocr-capabilities' content='ocr_page ocr_carea ocr_par ocr_line ocrx_word'/>
</head>
<body>
  <div class='ocr_page' id='page_1' title='image "./operaadfidemopti00virguoft/operaadfidemopti00virguoft_0271.png"; bbox 0 0 1607 2700; ppageno 0'>
   <div class='ocr_carea' id='block_1_1' title="bbox 531 62 1467 120">
    <p class='ocr_par' dir='ltr' id='par_1_1' title="bbox 531 62 1467 120">
     <span class='ocr_line' id='line_1_1' title="bbox 531 62 1467 120; baseline -0.006 1"><span class='ocrx_word' id='word_1_1' title='bbox 531 85 792 120; x_wconf 74' lang='lat' dir='ltr'>AENEmos</span> <span class='ocrx_word' id='word_1_2' title='bbox 832 85 942 118; x_wconf 72' lang='lat' dir='ltr'>Lm.</span> <span class='ocrx_word' id='word_1_3' title='bbox 971 80 1099 114; x_wconf 88' lang='lat' dir='ltr'>v111.</span> <span class='ocrx_word' id='word_1_4' title='bbox 1370 62 1467 115; x_wconf 68' lang='lat'>207</span> 
     </span>
    </p>
   </div>
   <div class='ocr_carea' id='block_1_2' title="bbox 136 196 1466 2543">
    <p class='ocr_par' dir='ltr' id='par_1_2' title="bbox 136 196 1466 2543">
     <span class='ocr_line' id='line_1_2' title="bbox 149 196 1466 265; baseline -0.009 -9"><span class='ocrx_word' id='word_1_5' title='bbox 149 209 285 256; x_wconf 91' lang='lat' dir='ltr'>Coelo</span> <span class='ocrx_word' id='word_1_6' title='bbox 305 206 642 257; x_wconf 61' lang='lat' dir='ltr'>ostendunt-um</span> <span class='ocrx_word' id='word_1_7' title='bbox 681 201 984 265; x_wconf 85' lang='lat' dir='ltr'>pedibusque</span> <span class='ocrx_word' id='word_1_8' title='bbox 1022 198 1223 246; x_wconf 84' lang='lat' dir='ltr'>informe</span> <span class='ocrx_word' id='word_1_9' title='bbox 1261 196 1466 244; x_wconf 72' lang='lat' dir='ltr'>cadaver</span> 
     </span>
     <span class='ocr_line' id='line_1_3' title="bbox 148 264 1384 333; baseline -0.01 -11"><span class='ocrx_word' id='word_1_10' title='bbox 148 274 466 322; x_wconf 84' lang='lat' dir='ltr'>Protrahitur.</span> <span class='ocrx_word' id='word_1_11' title='bbox 536 270 801 333; x_wconf 84' lang='lat' dir='ltr'>Nequeunt</span> <span class='ocrx_word' id='word_1_12' title='bbox 825 270 1004 332; x_wconf 84' lang='lat' dir='ltr'>expleri</span> <span class='ocrx_word' id='word_1_13' title='bbox 1030 266 1180 312; x_wconf 85' lang='lat' dir='ltr'>corda</span> <span class='ocrx_word' id='word_1_14' title='bbox 1204 264 1384 311; x_wconf 83' lang='lat' dir='ltr'>tuendo</span> 
     </span>
     <span class='ocr_line' id='line_1_4' title="bbox 147 333 1265 395; baseline -0.012 -6"><span class='ocrx_word' id='word_1_15' title='bbox 147 340 402 388; x_wconf 84' lang='lat' dir='ltr'>Terribiles</span> <span class='ocrx_word' id='word_1_16' title='bbox 429 338 614 393; x_wconf 85' lang='lat' dir='ltr'>oculos,</span> <span class='ocrx_word' id='word_1_17' title='bbox 643 337 844 394; x_wconf 85' lang='lat' dir='ltr'>vultum,</span> <span class='ocrx_word' id='word_1_18' title='bbox 874 336 1133 395; x_wconf 81' lang='lat' dir='ltr'>villosaque</span> <span class='ocrx_word' id='word_1_19' title='bbox 1155 333 1265 378; x_wconf 84' lang='lat' dir='ltr'>setis</span> 
     </span>
     <span class='ocr_line' id='line_1_5' title="bbox 149 397 1440 465; baseline -0.008 -11"><span class='ocrx_word' id='word_1_20' title='bbox 149 409 348 455; x_wconf 78' lang='lat' dir='ltr'>Pectora</span> <span class='ocrx_word' id='word_1_21' title='bbox 373 404 594 461; x_wconf 81' lang='lat' dir='ltr'>semiferi,</span> <span class='ocrx_word' id='word_1_22' title='bbox 617 412 762 465; x_wconf 88' lang='lat' dir='ltr'>atque</span> <span class='ocrx_word' id='word_1_23' title='bbox 782 404 1021 451; x_wconf 81' lang='lat' dir='ltr'>extinctos</span> <span class='ocrx_word' id='word_1_24' title='bbox 1046 399 1264 446; x_wconf 84' lang='lat' dir='ltr'>faucibus</span> <span class='ocrx_word' id='word_1_25' title='bbox 1291 397 1440 459; x_wconf 77' lang='lat' dir='ltr'>ignes·</span> 
     </span>
     <span class='ocr_line' id='line_1_6' title="bbox 214 464 1331 530; baseline -0.01 -9"><span class='ocrx_word' id='word_1_26' title='bbox 214 477 282 521; x_wconf 87' lang='lat' dir='ltr'>Ex</span> <span class='ocrx_word' id='word_1_27' title='bbox 308 474 391 519; x_wconf 91' lang='lat' dir='ltr'>illo</span> <span class='ocrx_word' id='word_1_28' title='bbox 416 472 685 518; x_wconf 81' lang='lat' dir='ltr'>celebratus</span> <span class='ocrx_word' id='word_1_29' title='bbox 712 472 882 528; x_wconf 85' lang='lat' dir='ltr'>honos,</span> <span class='ocrx_word' id='word_1_30' title='bbox 911 469 1102 530; x_wconf 84' lang='lat' dir='ltr'>laetique</span> <span class='ocrx_word' id='word_1_31' title='bbox 1129 464 1331 511; x_wconf 89' lang='lat' dir='ltr'>minores</span> 
     </span>
     <span class='ocr_line' id='line_1_7' title="bbox 147 536 1305 600; baseline -0.01 -12"><span class='ocrx_word' id='word_1_32' title='bbox 147 542 402 588; x_wconf 83' lang='lat' dir='ltr'>Servavere</span> <span class='ocrx_word' id='word_1_33' title='bbox 429 539 572 595; x_wconf 86' lang='lat' dir='ltr'>diem,</span> <span class='ocrx_word' id='word_1_34' title='bbox 592 539 870 600; x_wconf 86' lang='lat' dir='ltr'>primusque</span> <span class='ocrx_word' id='word_1_35' title='bbox 895 536 1101 583; x_wconf 75' lang='lat' dir='ltr'>Potitius</span> <span class='ocrx_word' id='word_1_36' title='bbox 1122 541 1305 588; x_wconf 81' lang='lat' dir='ltr'><strong>auctor,</strong></span> 
     </span>
     <span class='ocr_line' id='line_1_8' title="bbox 146 599 1462 655; baseline -0.008 -1"><span class='ocrx_word' id='word_1_37' title='bbox 146 609 207 654; x_wconf 79' lang='lat' dir='ltr'>Et</span> <span class='ocrx_word' id='word_1_38' title='bbox 231 607 403 654; x_wconf 88' lang='lat' dir='ltr'>domus</span> <span class='ocrx_word' id='word_1_39' title='bbox 431 604 658 653; x_wconf 84' lang='lat' dir='ltr'>Herculei</span> <span class='ocrx_word' id='word_1_40' title='bbox 684 615 849 652; x_wconf 87' lang='lat' dir='ltr'>custos</span> <span class='ocrx_word' id='word_1_41' title='bbox 877 603 1061 651; x_wconf 83' lang='lat' dir='ltr'>Pinaria</span> <span class='ocrx_word' id='word_1_42' title='bbox 1088 599 1227 655; x_wconf 82' lang='lat' dir='ltr'>sacri,</span> <span class='ocrx_word' id='word_1_43' title='bbox 1367 605 1462 651; x_wconf 77' lang='lat'>270</span> 
     </span>
     <span class='ocr_line' id='line_1_9' title="bbox 144 669 1375 734; baseline -0.01 -13"><span class='ocrx_word' id='word_1_44' title='bbox 144 675 286 721; x_wconf 89' lang='lat' dir='ltr'>Hanc</span> <span class='ocrx_word' id='word_1_45' title='bbox 306 689 434 719; x_wconf 88' lang='lat' dir='ltr'>aram</span> <span class='ocrx_word' id='word_1_46' title='bbox 461 674 570 719; x_wconf 89' lang='lat' dir='ltr'>luco</span> <span class='ocrx_word' id='word_1_47' title='bbox 597 672 786 718; x_wconf 81' lang='lat' dir='ltr'>statuit:</span> <span class='ocrx_word' id='word_1_48' title='bbox 815 688 923 734; x_wconf 62' lang='lat' dir='ltr'>quae</span> <span class='ocrx_word' id='word_1_49' title='bbox 951 669 1163 717; x_wconf 75' lang='lat' dir='ltr'>Maxima</span> <span class='ocrx_word' id='word_1_50' title='bbox 1188 681 1375 727; x_wconf 84' lang='lat' dir='ltr'>semper</span> 
     </span>
     <span class='ocr_line' id='line_1_10' title="bbox 144 732 1441 802; baseline -0.008 -15"><span class='ocrx_word' id='word_1_51' title='bbox 144 742 349 787; x_wconf 83' lang='lat' dir='ltr'>Dicetur</span> <span class='ocrx_word' id='word_1_52' title='bbox 373 740 530 796; x_wconf 78' lang='lat' dir='ltr'>nobiS‚</span> <span class='ocrx_word' id='word_1_53' title='bbox 557 747 605 786; x_wconf 90' lang='lat' dir='ltr'>et</span> <span class='ocrx_word' id='word_1_54' title='bbox 629 738 714 786; x_wconf 84' lang='lat' dir='ltr'>erit</span> <span class='ocrx_word' id='word_1_55' title='bbox 731 755 839 802; x_wconf 86' lang='lat' dir='ltr'>quae</span> <span class='ocrx_word' id='word_1_56' title='bbox 860 737 1063 785; x_wconf 82' lang='lat' dir='ltr'>maxima</span> <span class='ocrx_word' id='word_1_57' title='bbox 1080 749 1282 796; x_wconf 81' lang='lat' dir='ltr'>semper.</span> <span class='ocrx_word' id='word_1_58' title='bbox 1307 732 1441 795; x_wconf 88' lang='lat' dir='ltr'>[dum</span> 
     </span>
     <span class='ocr_line' id='line_1_11' title="bbox 143 799 1461 868; baseline -0.009 -14"><span class='ocrx_word' id='word_1_59' title='bbox 143 808 308 861; x_wconf 87' lang='lat' dir='ltr'>Quare</span> <span class='ocrx_word' id='word_1_60' title='bbox 333 807 477 868; x_wconf 88' lang='lat' dir='ltr'>agite,</span> <span class='ocrx_word' id='word_1_61' title='bbox 503 805 765 867; x_wconf 89' lang='lat' dir='ltr'>ojuvenes,</span> <span class='ocrx_word' id='word_1_62' title='bbox 802 813 1045 853; x_wconf 83' lang='lat' dir='ltr'>tantarum</span> <span class='ocrx_word' id='word_1_63' title='bbox 1071 803 1116 849; x_wconf 92' lang='lat' dir='ltr'>in</span> <span class='ocrx_word' id='word_1_64' title='bbox 1145 816 1337 846; x_wconf 85' lang='lat' dir='ltr'>munere</span> <span class='ocrx_word' id='word_1_65' title='bbox 1364 799 1461 844; x_wconf 87' lang='lat' dir='ltr'>lau-</span> 
     </span>
     <span class='ocr_line' id='line_1_12' title="bbox 143 865 1442 935; baseline -0.006 -15"><span class='ocrx_word' id='word_1_66' title='bbox 143 873 330 935; x_wconf 85' lang='lat' dir='ltr'>Cingite</span> <span class='ocrx_word' id='word_1_67' title='bbox 355 873 526 921; x_wconf 90' lang='lat' dir='ltr'>fronde</span> <span class='ocrx_word' id='word_1_68' title='bbox 552 888 733 929; x_wconf 68' lang='lat' dir='ltr'>comas»,</span> <span class='ocrx_word' id='word_1_69' title='bbox 761 880 808 920; x_wconf 88' lang='lat' dir='ltr'>et</span> <span class='ocrx_word' id='word_1_70' title='bbox 831 872 1011 935; x_wconf 90' lang='lat' dir='ltr'>pocula</span> <span class='ocrx_word' id='word_1_71' title='bbox 1035 867 1218 932; x_wconf 81' lang='lat' dir='ltr'>porgite</span> <span class='ocrx_word' id='word_1_72' title='bbox 1242 865 1442 921; x_wconf 67' lang='lat' dir='ltr'>dextris,</span> 
     </span>
     <span class='ocr_line' id='line_1_13' title="bbox 142 936 1461 1003; baseline -0.007 -16"><span class='ocrx_word' id='word_1_73' title='bbox 142 941 558 1003; x_wconf 87' lang='lat' dir='ltr'>Communemque</span> <span class='ocrx_word' id='word_1_74' title='bbox 582 949 753 986; x_wconf 89' lang='lat' dir='ltr'>vocate</span> <span class='ocrx_word' id='word_1_75' title='bbox 793 942 968 996; x_wconf 92' lang='lat' dir='ltr'>Deum,</span> <span class='ocrx_word' id='word_1_76' title='bbox 1008 944 1059 984; x_wconf 88' lang='lat' dir='ltr'>et</span> <span class='ocrx_word' id='word_1_77' title='bbox 1100 936 1211 981; x_wconf 86' lang='lat' dir='ltr'>date</span> <span class='ocrx_word' id='word_1_78' title='bbox 1238 936 1351 980; x_wconf 66' lang='lat' dir='ltr'>vina</span> <span class='ocrx_word' id='word_1_79' title='bbox 1376 950 1461 978; x_wconf 89' lang='lat' dir='ltr'>vo·</span> 
     </span>
     <span class='ocr_line' id='line_1_14' title="bbox 271 1007 442 1055; baseline 0.006 -2"><span class='ocrx_word' id='word_1_80' title='bbox 271 1007 442 1055; x_wconf 85' lang='lat' dir='ltr'>lenteS.</span> 
     </span>
     <span class='ocr_line' id='line_1_15' title="bbox 139 1067 1438 1132; baseline -0.005 -11"><span class='ocrx_word' id='word_1_81' title='bbox 139 1074 375 1122; x_wconf 84' lang='lat' dir='ltr'>Dixerat:</span> <span class='ocrx_word' id='word_1_82' title='bbox 421 1072 661 1121; x_wconf 72' lang='lat' dir='ltr'>Herculea</span> <span class='ocrx_word' id='word_1_83' title='bbox 681 1072 870 1120; x_wconf 79' lang='lat' dir='ltr'>bicolor</span> <span class='ocrx_word' id='word_1_84' title='bbox 895 1071 1005 1119; x_wconf 73' lang='lat' dir='ltr'>cum</span> <span class='ocrx_word' id='word_1_85' title='bbox 1032 1069 1242 1132; x_wconf 80' lang='lat' dir='ltr'>populus</span> <span class='ocrx_word' id='word_1_86' title='bbox 1271 1067 1438 1114; x_wconf 62' lang='lat' dir='ltr'>umbra</span> 
     </span>
     <span class='ocr_line' id='line_1_16' title="bbox 138 1135 1369 1204; baseline -0.006 -17"><span class='ocrx_word' id='word_1_87' title='bbox 138 1141 426 1204; x_wconf 87' lang='lat' dir='ltr'>Velavitque</span> <span class='ocrx_word' id='word_1_88' title='bbox 452 1156 634 1198; x_wconf 90' lang='lat' dir='ltr'>comas,</span> <span class='ocrx_word' id='word_1_89' title='bbox 658 1139 887 1202; x_wconf 88' lang='lat' dir='ltr'>foliisque</span> <span class='ocrx_word' id='word_1_90' title='bbox 913 1139 1084 1185; x_wconf 84' lang='lat' dir='ltr'>innexa</span> <span class='ocrx_word' id='word_1_91' title='bbox 1110 1135 1369 1200; x_wconf 84' lang='lat' dir='ltr'>pependit;</span> 
     </span>
     <span class='ocr_line' id='line_1_17' title="bbox 138 1202 1459 1270; baseline -0.005 -16"><span class='ocrx_word' id='word_1_92' title='bbox 138 1208 203 1255; x_wconf 84' lang='lat' dir='ltr'>Et</span> <span class='ocrx_word' id='word_1_93' title='bbox 221 1224 359 1257; x_wconf 90' lang='lat' dir='ltr'>sacer</span> <span class='ocrx_word' id='word_1_94' title='bbox 383 1208 601 1270; x_wconf 78' lang='lat' dir='ltr'>implevit</span> <span class='ocrx_word' id='word_1_95' title='bbox 618 1208 833 1254; x_wconf 80' lang='lat' dir='ltr'>dextram</span> <span class='ocrx_word' id='word_1_96' title='bbox 853 1206 1081 1269; x_wconf 84' lang='lat' dir='ltr'>scyphus.</span> <span class='ocrx_word' id='word_1_97' title='bbox 1110 1202 1278 1266; x_wconf 68' lang='lat' dir='ltr'>Ocyus</span> <span class='ocrx_word' id='word_1_98' title='bbox 1295 1219 1459 1248; x_wconf 83' lang='lat' dir='ltr'>omnes</span> 
     </span>
     <span class='ocr_line' id='line_1_18' title="bbox 138 1275 1324 1333; baseline -0.007 -11"><span class='ocrx_word' id='word_1_99' title='bbox 138 1276 196 1322; x_wconf 86' lang='lat' dir='ltr'>In</span> <span class='ocrx_word' id='word_1_100' title='bbox 222 1291 432 1322; x_wconf 89' lang='lat' dir='ltr'>mensam</span> <span class='ocrx_word' id='word_1_101' title='bbox 461 1275 556 1321; x_wconf 82' lang='lat' dir='ltr'>laeti</span> <span class='ocrx_word' id='word_1_102' title='bbox 581 1275 749 1330; x_wconf 79' lang='lat' dir='ltr'>libant,</span> <span class='ocrx_word' id='word_1_103' title='bbox 774 1275 1023 1333; x_wconf 77' lang='lat' dir='ltr'>Divosque</span> <span class='ocrx_word' id='word_1_104' title='bbox 1050 1280 1324 1333; x_wconf 65' lang='lat' dir='ltr'>precantur.</span> 
     </span>
     <span class='ocr_line' id='line_1_19' title="bbox 205 1339 1461 1405; baseline -0.005 -16"><span class='ocrx_word' id='word_1_105' title='bbox 205 1343 406 1390; x_wconf 85' lang='lat' dir='ltr'>Devexo</span> <span class='ocrx_word' id='word_1_106' title='bbox 422 1341 604 1389; x_wconf 89' lang='lat' dir='ltr'>interea</span> <span class='ocrx_word' id='word_1_107' title='bbox 628 1342 827 1405; x_wconf 88' lang='lat' dir='ltr'>propior</span> <span class='ocrx_word' id='word_1_108' title='bbox 847 1339 902 1387; x_wconf 88' lang='lat' dir='ltr'>fit</span> <span class='ocrx_word' id='word_1_109' title='bbox 925 1355 1092 1401; x_wconf 81' lang='lat' dir='ltr'>vesper</span> <span class='ocrx_word' id='word_1_110' title='bbox 1104 1339 1342 1401; x_wconf 78' lang='lat' dir='ltr'>Olympo;</span> <span class='ocrx_word' id='word_1_111' title='bbox 1364 1342 1461 1386; x_wconf 77' lang='lat'>280</span> 
     </span>
     <span class='ocr_line' id='line_1_20' title="bbox 136 1406 1372 1472; baseline -0.006 -15"><span class='ocrx_word' id='word_1_112' title='bbox 136 1411 342 1472; x_wconf 85' lang='lat' dir='ltr'>Jamque</span> <span class='ocrx_word' id='word_1_113' title='bbox 367 1408 653 1466; x_wconf 83' lang='lat' dir='ltr'>sacerdotes,</span> <span class='ocrx_word' id='word_1_114' title='bbox 682 1409 961 1470; x_wconf 85' lang='lat' dir='ltr'>primusque</span> <span class='ocrx_word' id='word_1_115' title='bbox 990 1407 1208 1461; x_wconf 76' lang='lat' dir='ltr'>Potitius,</span> <span class='ocrx_word' id='word_1_116' title='bbox 1238 1406 1372 1450; x_wconf 80' lang='lat' dir='ltr'>ibant</span> 
     </span>
     <span class='ocr_line' id='line_1_21' title="bbox 137 1472 1404 1536; baseline -0.002 -14"><span class='ocrx_word' id='word_1_117' title='bbox 137 1476 345 1523; x_wconf 88' lang='lat' dir='ltr'>Pellibus</span> <span class='ocrx_word' id='word_1_118' title='bbox 370 1476 416 1522; x_wconf 89' lang='lat' dir='ltr'>in</span> <span class='ocrx_word' id='word_1_119' title='bbox 443 1491 621 1522; x_wconf 89' lang='lat' dir='ltr'>morem</span> <span class='ocrx_word' id='word_1_120' title='bbox 649 1475 810 1533; x_wconf 87' lang='lat' dir='ltr'>cincti,</span> <span class='ocrx_word' id='word_1_121' title='bbox 836 1473 1144 1536; x_wconf 86' lang='lat' dir='ltr'>flammasque</span> <span class='ocrx_word' id='word_1_122' title='bbox 1170 1472 1404 1520; x_wconf 87' lang='lat' dir='ltr'>ferebant.</span> 
     </span>
     <span class='ocr_line' id='line_1_22' title="bbox 139 1539 1292 1604; baseline -0.004 -14"><span class='ocrx_word' id='word_1_123' title='bbox 139 1543 412 1590; x_wconf 84' lang='lat' dir='ltr'>Instaurant</span> <span class='ocrx_word' id='word_1_124' title='bbox 434 1542 612 1604; x_wconf 86' lang='lat' dir='ltr'>epulas,</span> <span class='ocrx_word' id='word_1_125' title='bbox 640 1550 686 1588; x_wconf 88' lang='lat' dir='ltr'>et</span> <span class='ocrx_word' id='word_1_126' title='bbox 712 1557 888 1589; x_wconf 70' lang='lat' dir='ltr'>mensae</span> <span class='ocrx_word' id='word_1_127' title='bbox 909 1550 1041 1601; x_wconf 84' lang='lat' dir='ltr'>grata</span> <span class='ocrx_word' id='word_1_128' title='bbox 1063 1539 1292 1586; x_wconf 78' lang='lat' dir='ltr'>secundae</span> 
     </span>
     <span class='ocr_line' id='line_1_23' title="bbox 138 1607 1458 1670; baseline -0.002 -14"><span class='ocrx_word' id='word_1_129' title='bbox 138 1610 279 1656; x_wconf 90' lang='lat' dir='ltr'>Dona</span> <span class='ocrx_word' id='word_1_130' title='bbox 303 1609 475 1666; x_wconf 85' lang='lat' dir='ltr'>ferunt,</span> <span class='ocrx_word' id='word_1_131' title='bbox 500 1609 841 1670; x_wconf 84' lang='lat' dir='ltr'>cumulantque</span> <span class='ocrx_word' id='word_1_132' title='bbox 866 1608 1074 1654; x_wconf 84' lang='lat' dir='ltr'>oneratis</span> <span class='ocrx_word' id='word_1_133' title='bbox 1099 1607 1315 1653; x_wconf 84' lang='lat' dir='ltr'>lancibus</span> <span class='ocrx_word' id='word_1_134' title='bbox 1334 1622 1458 1654; x_wconf 87' lang='lat' dir='ltr'>aras.</span> 
     </span>
     <span class='ocr_line' id='line_1_24' title="bbox 136 1673 1336 1732; baseline -0.003 -10"><span class='ocrx_word' id='word_1_135' title='bbox 136 1676 264 1723; x_wconf 91' lang='lat' dir='ltr'>Tum</span> <span class='ocrx_word' id='word_1_136' title='bbox 291 1676 407 1724; x_wconf 82' lang='lat' dir='ltr'>Salii</span> <span class='ocrx_word' id='word_1_137' title='bbox 431 1675 493 1722; x_wconf 90' lang='lat' dir='ltr'>ad</span> <span class='ocrx_word' id='word_1_138' title='bbox 520 1683 707 1732; x_wconf 87' lang='lat' dir='ltr'>cantus,</span> <span class='ocrx_word' id='word_1_139' title='bbox 734 1675 925 1722; x_wconf 88' lang='lat' dir='ltr'>incensa</span> <span class='ocrx_word' id='word_1_140' title='bbox 949 1674 1114 1721; x_wconf 87' lang='lat' dir='ltr'>altaria</span> <span class='ocrx_word' id='word_1_141' title='bbox 1138 1673 1336 1731; x_wconf 71' lang='lat' dir='ltr'>circum,</span> 
     </span>
     <span class='ocr_line' id='line_1_25' title="bbox 137 1740 1460 1805; baseline -0.002 -16"><span class='ocrx_word' id='word_1_142' title='bbox 137 1742 362 1805; x_wconf 84' lang='lat' dir='ltr'>Populeis</span> <span class='ocrx_word' id='word_1_143' title='bbox 387 1742 563 1790; x_wconf 86' lang='lat' dir='ltr'>adsunt</span> <span class='ocrx_word' id='word_1_144' title='bbox 586 1742 759 1789; x_wconf 88' lang='lat' dir='ltr'>evincti</span> <span class='ocrx_word' id='word_1_145' title='bbox 781 1751 997 1804; x_wconf 85' lang='lat' dir='ltr'>tempora</span> <span class='ocrx_word' id='word_1_146' title='bbox 1020 1741 1176 1788; x_wconf 87' lang='lat' dir='ltr'>ramis.</span> <span class='ocrx_word' id='word_1_147' title='bbox 1354 1740 1460 1803; x_wconf 89' lang='lat' dir='ltr'>[des</span> 
     </span>
     <span class='ocr_line' id='line_1_26' title="bbox 139 1808 1459 1872; baseline -0.002 -16"><span class='ocrx_word' id='word_1_148' title='bbox 139 1810 233 1856; x_wconf 84' lang='lat' dir='ltr'>Hic</span> <span class='ocrx_word' id='word_1_149' title='bbox 253 1810 486 1872; x_wconf 86' lang='lat' dir='ltr'>juvenum</span> <span class='ocrx_word' id='word_1_150' title='bbox 513 1811 712 1865; x_wconf 88' lang='lat' dir='ltr'>chorus;</span> <span class='ocrx_word' id='word_1_151' title='bbox 733 1808 807 1855; x_wconf 91' lang='lat' dir='ltr'>ille</span> <span class='ocrx_word' id='word_1_152' title='bbox 825 1825 991 1856; x_wconf 77' lang='lat' dir='ltr'>senum</span> <span class='ocrx_word' id='word_1_153' title='bbox 1012 1824 1022 1854; x_wconf 71' lang='grc' dir='ltr'><strong><em>ε</em></strong></span> <span class='ocrx_word' id='word_1_154' title='bbox 1041 1808 1122 1871; x_wconf 90' lang='lat' dir='ltr'>qui</span> <span class='ocrx_word' id='word_1_155' title='bbox 1139 1808 1343 1854; x_wconf 81' lang='lat' dir='ltr'>carmine</span> <span class='ocrx_word' id='word_1_156' title='bbox 1361 1810 1459 1854; x_wconf 86' lang='lat' dir='ltr'>lau-</span> 
     </span>
     <span class='ocr_line' id='line_1_27' title="bbox 139 1875 1352 1938; baseline -0.002 -15"><span class='ocrx_word' id='word_1_157' title='bbox 139 1877 401 1924; x_wconf 87' lang='lat' dir='ltr'>Herculeas</span> <span class='ocrx_word' id='word_1_158' title='bbox 417 1884 467 1924; x_wconf 87' lang='lat' dir='ltr'>et</span> <span class='ocrx_word' id='word_1_159' title='bbox 485 1877 616 1923; x_wconf 84' lang='lat' dir='ltr'>facta</span> <span class='ocrx_word' id='word_1_160' title='bbox 640 1877 798 1922; x_wconf 88' lang='lat' dir='ltr'>ferunt</span> <span class='ocrx_word' id='word_1_161' title='bbox 820 1893 832 1930; x_wconf 91' lang='lat'>;</span> <span class='ocrx_word' id='word_1_162' title='bbox 873 1883 924 1921; x_wconf 91' lang='lat' dir='ltr'>ut</span> <span class='ocrx_word' id='word_1_163' title='bbox 951 1875 1102 1938; x_wconf 88' lang='lat' dir='ltr'>prima</span> <span class='ocrx_word' id='word_1_164' title='bbox 1129 1891 1352 1921; x_wconf 83' lang='lat' dir='ltr'>novercae</span> 
     </span>
     <span class='ocr_line' id='line_1_28' title="bbox 140 1941 1460 2006; baseline -0.002 -16"><span class='ocrx_word' id='word_1_165' title='bbox 140 1944 357 1990; x_wconf 85' lang='lat' dir='ltr'>Monstra</span> <span class='ocrx_word' id='word_1_166' title='bbox 383 1960 542 1999; x_wconf 84' lang='lat' dir='ltr'>manu,</span> <span class='ocrx_word' id='word_1_167' title='bbox 584 1942 894 2006; x_wconf 83' lang='lat' dir='ltr'>geminosque</span> <span class='ocrx_word' id='word_1_168' title='bbox 921 1958 1141 2005; x_wconf 87' lang='lat' dir='ltr'>premens</span> <span class='ocrx_word' id='word_1_169' title='bbox 1166 1941 1340 1988; x_wconf 83' lang='lat' dir='ltr'>eliserit</span> <span class='ocrx_word' id='word_1_170' title='bbox 1379 1958 1460 1988; x_wconf 88' lang='lat' dir='ltr'>an·</span> 
     </span>
     <span class='ocr_line' id='line_1_29' title="bbox 271 2027 420 2073; baseline 0.007 -16"><span class='ocrx_word' id='word_1_171' title='bbox 271 2027 387 2073; x_wconf 87' lang='lat' dir='ltr'>gues</span> <span class='ocrx_word' id='word_1_172' title='bbox 407 2027 420 2066; x_wconf 89' lang='lat'>;</span> 
     </span>
     <span class='ocr_line' id='line_1_30' title="bbox 142 2074 1456 2140; baseline -0.001 -17"><span class='ocrx_word' id='word_1_173' title='bbox 142 2077 207 2123; x_wconf 86' lang='lat' dir='ltr'>Ut</span> <span class='ocrx_word' id='word_1_174' title='bbox 231 2077 356 2125; x_wconf 90' lang='lat' dir='ltr'>bello</span> <span class='ocrx_word' id='word_1_175' title='bbox 375 2076 586 2140; x_wconf 81' lang='lat' dir='ltr'>egregias</span> <span class='ocrx_word' id='word_1_176' title='bbox 613 2075 738 2124; x_wconf 87' lang='lat' dir='ltr'>idern</span> <span class='ocrx_word' id='word_1_177' title='bbox 760 2074 1010 2138; x_wconf 87' lang='lat' dir='ltr'>disjecerit</span> <span class='ocrx_word' id='word_1_178' title='bbox 1036 2075 1196 2129; x_wconf 89' lang='lat' dir='ltr'>urbes,</span> <span class='ocrx_word' id='word_1_179' title='bbox 1360 2082 1456 2131; x_wconf 63' lang='grc' dir='ltr'>ί290</span> 
     </span>
     <span class='ocr_line' id='line_1_31' title="bbox 140 2142 1458 2207; baseline 0 -17"><span class='ocrx_word' id='word_1_180' title='bbox 140 2143 837 2207; x_wconf 77' lang='lat' dir='ltr'>Trojamque‚OEchaliamque</span> <span class='ocrx_word' id='word_1_181' title='bbox 857 2161 868 2197; x_wconf 91' lang='lat'>;</span> <span class='ocrx_word' id='word_1_182' title='bbox 896 2150 947 2189; x_wconf 91' lang='lat' dir='ltr'>ut</span> <span class='ocrx_word' id='word_1_183' title='bbox 971 2142 1119 2190; x_wconf 87' lang='lat' dir='ltr'>duros</span> <span class='ocrx_word' id='word_1_184' title='bbox 1137 2142 1458 2190; x_wconf 82' lang='lat' dir='ltr'>niillelabores</span> 
     </span>
     <span class='ocr_line' id='line_1_32' title="bbox 143 2208 1282 2274; baseline 0 -18"><span class='ocrx_word' id='word_1_185' title='bbox 143 2210 274 2274; x_wconf 86' lang='lat' dir='ltr'>Rege</span> <span class='ocrx_word' id='word_1_186' title='bbox 299 2213 389 2258; x_wconf 89' lang='lat' dir='ltr'>sub</span> <span class='ocrx_word' id='word_1_187' title='bbox 416 2211 698 2274; x_wconf 79' lang='lat' dir='ltr'>Eurystheo,</span> <span class='ocrx_word' id='word_1_188' title='bbox 725 2210 835 2257; x_wconf 87' lang='lat' dir='ltr'>satis</span> <span class='ocrx_word' id='word_1_189' title='bbox 855 2209 1060 2258; x_wconf 85' lang='lat' dir='ltr'>Junonis</span> <span class='ocrx_word' id='word_1_190' title='bbox 1088 2208 1282 2272; x_wconf 85' lang='lat' dir='ltr'>iniquae,</span> 
     </span>
     <span class='ocr_line' id='line_1_33' title="bbox 143 2276 1421 2339; baseline 0 -17"><span class='ocrx_word' id='word_1_191' title='bbox 143 2277 409 2325; x_wconf 86' lang='lat' dir='ltr'>Pertulerit.</span> <span class='ocrx_word' id='word_1_192' title='bbox 479 2279 556 2325; x_wconf 92' lang='lat' dir='ltr'>Tu</span> <span class='ocrx_word' id='word_1_193' title='bbox 581 2277 863 2339; x_wconf 83' lang='lat' dir='ltr'>nubigenas,</span> <span class='ocrx_word' id='word_1_194' title='bbox 890 2276 1084 2334; x_wconf 91' lang='lat' dir='ltr'>invicte,</span> <span class='ocrx_word' id='word_1_195' title='bbox 1115 2276 1421 2329; x_wconf 87' lang='lat' dir='ltr'>bimembres,</span> 
     </span>
     <span class='ocr_line' id='line_1_34' title="bbox 144 2344 1456 2408; baseline -0.002 -18"><span class='ocrx_word' id='word_1_196' title='bbox 144 2344 479 2408; x_wconf 84' lang='lat' dir='ltr'>Hylaeumque,</span> <span class='ocrx_word' id='word_1_197' title='bbox 508 2345 826 2407; x_wconf 88' lang='lat' dir='ltr'>Pholumque,</span> <span class='ocrx_word' id='word_1_198' title='bbox 855 2360 1015 2401; x_wconf 91' lang='lat' dir='ltr'>manu,</span> <span class='ocrx_word' id='word_1_199' title='bbox 1046 2351 1097 2391; x_wconf 89' lang='lat' dir='ltr'>tu</span> <span class='ocrx_word' id='word_1_200' title='bbox 1121 2344 1308 2390; x_wconf 89' lang='lat' dir='ltr'>Cressia</span> <span class='ocrx_word' id='word_1_201' title='bbox 1329 2360 1456 2389; x_wconf 85' lang='lat' dir='ltr'>mac-</span> 
     </span>
     <span class='ocr_line' id='line_1_35' title="bbox 145 2411 1460 2475; baseline -0.002 -18"><span class='ocrx_word' id='word_1_202' title='bbox 145 2411 384 2475; x_wconf 84' lang='lat' dir='ltr'>Prodigia,</span> <span class='ocrx_word' id='word_1_203' title='bbox 406 2421 453 2459; x_wconf 92' lang='lat' dir='ltr'>et</span> <span class='ocrx_word' id='word_1_204' title='bbox 479 2421 662 2459; x_wconf 85' lang='lat' dir='ltr'>vastum</span> <span class='ocrx_word' id='word_1_205' title='bbox 682 2411 868 2459; x_wconf 74' lang='lat' dir='ltr'>Nemea</span> <span class='ocrx_word' id='word_1_206' title='bbox 901 2414 990 2458; x_wconf 89' lang='lat' dir='ltr'>sub</span> <span class='ocrx_word' id='word_1_207' title='bbox 1011 2427 1127 2472; x_wconf 89' lang='lat' dir='ltr'>rupe</span> <span class='ocrx_word' id='word_1_208' title='bbox 1146 2411 1345 2457; x_wconf 85' lang='lat' dir='ltr'>leonem.</span> <span class='ocrx_word' id='word_1_209' title='bbox 1366 2411 1460 2472; x_wconf 75' lang='lat' dir='ltr'>[tus</span> 
     </span>
     <span class='ocr_line' id='line_1_36' title="bbox 142 2476 1260 2543; baseline -0.003 -18"><span class='ocrx_word' id='word_1_210' title='bbox 142 2479 213 2526; x_wconf 84' lang='lat' dir='ltr'>Te</span> <span class='ocrx_word' id='word_1_211' title='bbox 240 2478 390 2543; x_wconf 81' lang='lat' dir='ltr'>Stygii</span> <span class='ocrx_word' id='word_1_212' title='bbox 416 2488 646 2527; x_wconf 89' lang='lat' dir='ltr'>tremuere</span> <span class='ocrx_word' id='word_1_213' title='bbox 671 2478 824 2535; x_wconf 83' lang='lat' dir='ltr'>lacus;</span> <span class='ocrx_word' id='word_1_214' title='bbox 854 2487 899 2526; x_wconf 86' lang='lat' dir='ltr'>te</span> <span class='ocrx_word' id='word_1_215' title='bbox 917 2477 1101 2541; x_wconf 82' lang='lat' dir='ltr'>janitor</span> <span class='ocrx_word' id='word_1_216' title='bbox 1125 2476 1260 2536; x_wconf 89' lang='lat' dir='ltr'>Orci,</span> 
     </span>
    </p>
   </div>
  </div>
 </body>
</html>
