1586 2704
111 115 113 144 ³
165 135 264 175 312
495 141 543 173 P.
581 138 829 171 vinoun
874 138 1133 172 MARole

165 260 318 301 Arcas
342 269 508 316 eques.
578 252 768 301 Medias
797 253 883 299 illis
907 270 1151 315 opponere
1179 262 1378 311 turmas,

165 319 236 366 Ne
253 322 416 366 castris
435 321 656 382 jungant,
671 329 804 366 certa
828 328 898 365 est
919 320 1149 365 sententia
1161 319 1346 365 Turno.
1367 325 1465 369 240

167 388 332 445 Surge,
357 402 459 444 age,
480 394 529 432 et
553 387 735 432 Aurora
759 385 914 431 socios
939 385 1154 431 veniente
1180 385 1338 431 vocari

166 451 349 498 Primus
374 452 420 497 in
446 467 571 498 arma
589 451 729 513 jube,
754 459 801 498 et
827 452 1047 513 clypeum
1066 467 1202 512 cape,
1223 466 1364 513 quem
1384 448 1466 496 de-

296 517 367 563 dit
390 518 491 580 ipse

166 583 401 629 Invictum
429 583 720 645 Ignipotens,
746 590 891 645 atque
916 599 1023 629 oras
1041 583 1205 629 ambiit
1232 599 1367 630 auro.

168 650 385 695 Crastina
409 649 486 694 lux
511 652 633 707 (mea
649 648 683 694 si
701 665 791 694 non
817 650 944 695 irrita
968 649 1094 695 dicta
1120 650 1321 709 putaris)

114 772 119 776 ,
166 714 390 774 Ingentes
417 714 610 761 Rutulae
634 715 875 776 spectabit
898 714 1043 761 caedis
1059 729 1271 760 acervos.

236 780 452 837 Dixerat,
476 788 523 827 et
547 779 716 827 dextra
740 780 994 827 discedens
1020 780 1209 841 impulit
1230 780 1390 834 altam,

169 844 306 892 Haud
325 846 486 907 ignara
510 846 656 904 modi,
681 847 913 909 puppim:
941 845 1066 908 fugit
1086 846 1165 892 illa
1189 862 1276 908 per
1299 846 1467 902 undaS,
1509 882 1515 885 .

169 910 332 974 Ocyor
354 921 399 958 et
415 911 582 972 jaculo
606 921 654 958 et
679 923 839 959 ventos
864 920 1085 975 aequante
1109 911 1294 973 sagitta.

169 978 289 1024 Inde
313 978 421 1025 aliae
449 979 660 1025 celerant
685 995 866 1024 cursus.
936 979 1110 1040 Stupet
1134 977 1310 1024 inscius
1335 979 1437 1041 ipse

168 1042 292 1090 Tros
309 1044 645 1097 Anchisiades3
661 1047 839 1090 animos
859 1053 1019 1091 tamen
1040 1044 1196 1090 omine
1214 1044 1353 1090 tollit.
1373 1049 1469 1093 250

168 1108 291 1155 Tum
310 1110 513 1156 breviter
531 1126 702 1171 supera
725 1117 976 1172 aspectans
996 1125 1208 1156 convexa
1228 1118 1469 1173 precatur:

169 1175 308 1221 Alma
334 1191 504 1237 parens
530 1176 660 1223 Idaea
687 1176 863 1232 Deum,
881 1176 960 1223 cui
983 1176 1228 1237 Dindyma
1252 1174 1403 1229 cordi,

169 1241 536 1303 Turrigeraeque
564 1243 716 1297 urbeS,
743 1242 990 1304 bijugique
1014 1241 1072 1288 ad
1100 1241 1246 1288 fraena
1270 1243 1427 1287 leones
1453 1257 1467 1295 ;

170 1306 250 1351 Tu
273 1307 382 1352 inihi
406 1324 530 1354 nunc
549 1324 721 1370 pugnae
740 1310 979 1370 princeps,
999 1315 1051 1353 tu
1071 1307 1155 1353 rite
1177 1308 1470 1369 propinques

171 1373 449 1433 Augurium,
479 1375 839 1436 Phrygibusque
863 1374 990 1420 adsis
1014 1374 1472 1435 pede,Diva,secun-

169 1437 374 1484 Tantum
400 1439 572 1486 effatus
599 1459 610 1495 ;
649 1449 698 1487 et
722 1440 895 1487 interea
921 1439 1131 1487 revoluta
1154 1439 1323 1485 ruebat
1369 1438 1468 1502 [du.

172 1504 361 1550 Matura
379 1504 480 1563 jam
507 1506 613 1553 luce
638 1506 756 1561 dies,
783 1515 1070 1568 noctemque
1091 1504 1294 1567 fugarat.

237 1571 476 1632 Principio
502 1572 641 1619 sociis
666 1572 826 1627 edicit,
853 1572 982 1634 signa
1008 1580 1284 1633 sequantur,
1374 1575 1470 1619 258

116 1664 119 1667 -
170 1640 332 1698 Atque
357 1638 537 1683 animos
564 1646 731 1700 aptent
754 1638 908 1694 armis,
931 1654 1197 1700 pugnaeque
1218 1647 1382 1699 parent
1403 1654 1453 1683 se

169 1702 370 1764 Jamque
390 1703 434 1748 in
461 1713 729 1766 conspectu
741 1704 957 1750 Teucros
972 1704 1457 1759 habetetsuacastra,

172 1767 309 1813 Stans
337 1769 462 1815 celsa
476 1771 518 1815 in
531 1771 701 1832 puppi;
742 1770 963 1833 clypeum
986 1779 1083 1816 tum
1107 1769 1471 1817 deindesinistrfi

169 1833 355 1882 Extulit
379 1835 642 1883 ardentem.
711 1837 979 1884 Clamorem
1006 1837 1065 1883 ad
1093 1836 1245 1882 sidera
1266 1836 1437 1881 tollunt

119 1954 123 1960 ι
172 1900 460 1948 Dardanidae
486 1918 511 1947 e
537 1904 704 1950 muris:
741 1918 849 1964 spes
872 1902 1038 1949 addita
1065 1903 1263 1948 suscitat
1284 1902 1402 1948 iras:

168 1964 283 2013 Tela
313 1969 680 2028 manujaciunt.
751 1969 930 2024 Quales
956 1969 1047 2015 sub
1075 1969 1285 2016 nubibus
1309 1968 1425 2014 atris

171 2031 454 2094 Strymoniae
479 2035 594 2081 dant
620 2036 750 2097 signa
771 2043 1080 2097 grues,atque
1093 2035 1469 2082 aetheratranant

170 2096 290 2144 Cum
319 2101 492 2158 sonitu,
517 2101 801 2162 fugiuntque
825 2102 982 2149 Notos
1007 2101 1213 2148 clamore
1238 2100 1469 2147 secundo.

119 2171 123 2217 ζ
168 2162 236 2210 At
259 2166 439 2213 Rutulo
463 2168 560 2230 regi
584 2168 884 2230 ducibusque
906 2183 960 2213 ea
984 2167 1101 2213 mira
1126 2166 1274 2213 videri

169 2230 394 2278 Ausoniis
416 2250 428 2287 ;
463 2232 617 2280 donec
642 2249 798 2282 versas
820 2234 878 2279 ad
906 2234 1064 2280 littora
1089 2248 1276 2295 puppes

121 2353 124 2357 Δ
170 2296 473 2359 Respiciunt,
499 2308 749 2361 totumque
776 2299 919 2346 allabi
946 2300 1175 2345 classibus
1198 2314 1381 2359 aequor.

168 2363 321 2409 Ardet
341 2381 464 2427 apex
476 2366 634 2427 capiti,
659 2366 912 2427 cristisque
926 2381 952 2411 a
970 2366 1145 2412 vertice
1162 2364 1349 2411 flamma
1374 2371 1469 2419 270

172 2429 426 2487 Funditur,
451 2439 499 2478 et
523 2443 684 2478 vastos
712 2432 858 2478 umbo
885 2432 1031 2478 vomit
1056 2447 1227 2478 aureus
1253 2431 1400 2492 ignes.

171 2494 280 2542 Non
306 2513 442 2544 secus
466 2514 521 2544 ac
549 2497 729 2562 liquida
757 2499 790 2544 si
817 2498 1009 2560 quando
1035 2509 1178 2545 nocte
1203 2507 1404 2544 cometae
