1607 2700
96 88 103 97 .
140 56 234 104 226
507 69 1114 104 P.vinGiL11mARoms

138 188 272 242 Quos
296 204 441 249 super
467 197 572 235 atra
592 189 705 235 silex
719 186 923 249 jamjam
945 189 1152 249 lapsura,
1180 188 1469 253 cadentique

135 254 361 300 Imminet
385 254 615 301 assimilis.
687 257 874 302 Lucent
898 256 1162 317 genialibus
1185 255 1295 302 altis

134 322 295 366 Aurea
319 320 468 366 fulcra
495 322 626 377 toris,
665 323 920 384 epulaeque
947 330 1057 368 ante
1078 339 1161 367 ora
1187 331 1369 378 paratae

134 385 354 447 Regifico
378 388 495 433 luxu
523 404 533 434 :
575 389 820 434 Furiarum
850 389 1054 434 maxima
1073 389 1217 448 juxta

133 454 373 509 Accubat‚
399 462 446 500 et
471 454 688 499 manibus
711 455 936 514 prohibet
960 456 1239 516 contingere
1266 470 1469 510 mensas,

134 517 457 581 Exsurgitque
479 521 635 566 facem
663 521 907 576 attollens,
929 529 1074 582 atque
1099 522 1287 567 intonat
1312 537 1409 567 ore.

135 584 231 631 Hic
259 587 431 647 quibus
457 587 594 632 invisi
617 585 798 642 fratres,
825 586 937 631 dum
964 587 1059 632 vita
1083 588 1320 642 manebat,

132 650 415 699 Pulsatusve
441 668 628 713 parens,
665 661 714 698 et
740 652 867 698 fraus
885 653 1053 698 innexa
1078 654 1268 709 clienti3

132 719 232 764 Aut
257 719 340 780 qui
364 719 540 764 divitiis
557 718 647 764 soli
672 718 932 765 incubuere
956 720 1169 780 repertis,
1373 718 1471 766 610

131 783 236 830 Nec
260 793 442 845 partem
469 801 667 846 posuere
685 785 796 840 suis,
836 802 945 846 quae
971 786 1175 830 maxima
1200 785 1340 830 turba
1364 794 1435 830 est
1457 802 1468 838 ;

134 849 330 912 Quique
356 851 418 897 ob
444 851 732 897 adulterium
759 852 890 907 caesi,
919 853 1097 913 quique
1118 868 1247 896 arura
1273 855 1421 897 secuti

131 913 302 978 Impia,
341 934 425 964 uec
453 918 585 964 veriti
611 917 910 964 dominorum
933 918 1099 965 fallere
1124 918 1334 970 dextras,

133 980 315 1030 Inclusi
335 1000 524 1046 poenam
550 992 827 1045 expectant.
899 985 974 1031 Ne
994 1001 1154 1047 queere
1175 983 1338 1029 doceri

133 1049 292 1102 Quam
306 1067 513 1112 poenam,
536 1060 741 1112 autquae
753 1050 903 1097 forma
918 1052 1042 1097 viros
1063 1051 1313 1097 fortunave
1349 1065 1471 1094 mer-

133 1115 311 1162 Saxum
339 1118 508 1177 ingens
534 1118 731 1164 volvunt
750 1117 842 1174 aiii,
861 1118 1107 1180 radiisque
1135 1127 1343 1163 rotarum
1372 1116 1469 1178 [sit.

132 1182 348 1229 Districti
373 1184 581 1244 pendent
603 1203 614 1238 ;
643 1183 793 1238 sedet,
821 1185 1148 1245 aeternumque
1174 1182 1357 1229 sedebit

131 1248 304 1295 Infelix
330 1251 550 1296 Theseus
574 1268 584 1304 ;
607 1251 945 1312 Phlegyasque
972 1251 1261 1296 miserrimus
1287 1265 1453 1294 omnes

130 1315 389 1372 Admonet,
416 1326 464 1363 et
489 1318 657 1377 magn-21
683 1325 887 1363 testatur
913 1333 1030 1363 voce
1056 1333 1141 1378 per
1166 1317 1355 1361 umbras
1381 1330 1391 1358 z

133 1380 562 1443 Disciteiustitiam
578 1382 765 1439 moniti,
786 1383 1336 1430 etnontemnereDimS.
1373 1379 1471 1427 (feo

133 1447 364 1496 Vendidit
389 1450 465 1496 hie
480 1466 596 1495 auro
609 1459 830 1511 patriani
853 1450 1238 1523 dominumque
1224 1455 1470 1493 notentem

132 1515 400 1576 Imposuit;
441 1516 546 1562 fixit
571 1515 696 1577 leges
722 1517 876 1577 pretio
902 1525 1043 1578 atque
1064 1515 1238 1562 refixit.

131 1581 853 1638 Hicthalaniuminvasitnatae,
882 1584 1150 1643 vetitosque
1174 1583 1471 1643 hymenaeos.

131 1648 252 1694 Ausi
268 1665 432 1695 omnes
457 1649 661 1694 immane
687 1648 837 1703 nefas,
860 1665 1074 1710 ausoque
1100 1649 1258 1709 potiti.

131 1715 260 1769 Non,
288 1715 401 1760 mihi
429 1716 466 1761 si
490 1715 664 1776 linguae
688 1725 882 1761 centum
903 1715 1012 1770 sint,
1054 1731 1235 1775 oraque
1258 1725 1469 1770 centum,

133 1782 305 1828 Ferrea
330 1799 439 1838 vox,
460 1798 628 1828 omnes
654 1782 883 1828 scelerum
904 1782 1244 1842 comprendere
1280 1781 1470 1837 forinas,

135 1847 314 1895 Omnia
340 1864 585 1910 poenarutn
613 1864 890 1910 percurrere
911 1848 1103 1893 nomina
1120 1848 1314 1909 possim.

203 1915 319 1961 Haec
343 1916 427 1960 ubi
452 1915 585 1961 dicta
609 1914 744 1961 dedit
770 1914 942 1961 Phoebi
969 1915 1180 1974 longaeva
1198 1913 1435 1969 sacerdos,

133 1981 229 2028 Sed
259 1982 364 2042 jam
392 1998 494 2044 age,
534 1998 676 2042 carpe
711 1982 852 2037 viam,
889 1991 934 2028 et
977 1989 1256 2042 susceptum
1294 1980 1469 2042 pertice

267 2065 474 2103 muuus;

134 2116 490 2170 Acceleremus‚
529 2114 615 2161 ait.
654 2113 927 2176 Cyclopum
952 2113 1126 2159 educta
1152 2112 1352 2159 caminis
1373 2109 1471 2159 630

134 2180 315 2227 Moenia
336 2181 598 2242 conspicio,
623 2189 771 2241 atque
797 2181 1000 2227 adverso
1026 2180 1206 2227 fornice
1232 2188 1413 2240 portas,

133 2248 256 2293 Haec
285 2247 365 2292 ubi
390 2263 475 2293 nos
502 2256 748 2309 praecepta
766 2246 943 2306 jubent
968 2245 1210 2318 deponere
1235 2246 1380 2291 dona.

134 2314 363 2360 Dixerat.
401 2322 449 2360 et
475 2314 650 2374 pariter
666 2313 812 2374 gressi
833 2329 919 2374 per
942 2327 1094 2374 opaca
1120 2311 1302 2357 viarum

131 2379 412 2441 Corripiuut
448 2379 655 2442 spatium
691 2379 917 2457 inediuin,
956 2378 1234 2440 foribusque
1272 2378 1465 2440 propiu-

264 2454 432 2507 quant.
