<?xml version="1.0" encoding="UTF-8"?>
<!DOCTYPE html PUBLIC "-//W3C//DTD XHTML 1.0 Transitional//EN"
    "http://www.w3.org/TR/xhtml1/DTD/xhtml1-transitional.dtd">
<html xmlns="http://www.w3.org/1999/xhtml" xml:lang="en" lang="en">
 <head>
  <title>
</title>
<meta http-equiv="Content-Type" content="text/html;charset=utf-8" />
  <meta name='ocr-system' content='tesseract 3.04.00' />
  <meta name='ocr-capabilities' content='ocr_page ocr_carea ocr_par ocr_line ocrx_word'/>
</head>
<body>
  <div class='ocr_page' id='page_1' title='image "./operaadfidemopti00virguoft/operaadfidemopti00virguoft_0342.png"; bbox 0 0 1586 2704; ppageno 0'>
   <div class='ocr_carea' id='block_1_1' title="bbox 130 43 1110 84">
    <p class='ocr_par' dir='ltr' id='par_1_1' title="bbox 130 43 1110 84">
     <span class='ocr_line' id='line_1_1' title="bbox 130 43 1110 84; baseline -0.001 -1"><span class='ocrx_word' id='word_1_1' title='bbox 130 43 224 84; x_wconf 81' lang='grc'>338</span> <span class='ocrx_word' id='word_1_2' title='bbox 468 49 515 81; x_wconf 78' lang='grc' dir='ltr'>Ρ.</span> <span class='ocrx_word' id='word_1_3' title='bbox 556 48 805 82; x_wconf 80' lang='lat' dir='ltr'>VIRGILII</span> <span class='ocrx_word' id='word_1_4' title='bbox 846 48 1110 83; x_wconf 77' lang='lat' dir='ltr'>MARONxs</span> 
     </span>
    </p>
   </div>
   <div class='ocr_carea' id='block_1_2' title="bbox 131 163 1434 2471">
    <p class='ocr_par' dir='ltr' id='par_1_2' title="bbox 133 163 1431 427">
     <span class='ocr_line' id='line_1_2' title="bbox 133 163 1430 226; baseline 0.002 -16"><span class='ocrx_word' id='word_1_5' title='bbox 133 166 184 210; x_wconf 88' lang='lat' dir='ltr'>lu</span> <span class='ocrx_word' id='word_1_6' title='bbox 215 164 689 226; x_wconf 82' lang='lat' dir='ltr'>flammamjugulant</span> <span class='ocrx_word' id='word_1_7' title='bbox 705 163 929 226; x_wconf 86' lang='lat' dir='ltr'>pecudes.</span> <span class='ocrx_word' id='word_1_8' title='bbox 997 165 1121 211; x_wconf 87' lang='lat' dir='ltr'>Tum</span> <span class='ocrx_word' id='word_1_9' title='bbox 1148 165 1303 212; x_wconf 86' lang='lat' dir='ltr'>littore</span> <span class='ocrx_word' id='word_1_10' title='bbox 1327 172 1430 212; x_wconf 86' lang='lat' dir='ltr'>toto</span> 
     </span>
     <span class='ocr_line' id='line_1_3' title="bbox 134 231 1431 293; baseline 0.002 -16"><span class='ocrx_word' id='word_1_11' title='bbox 134 231 366 278; x_wconf 81' lang='lat' dir='ltr'><strong>Ardentes</strong></span> <span class='ocrx_word' id='word_1_12' title='bbox 387 239 601 292; x_wconf 88' lang='lat' dir='ltr'>spectant</span> <span class='ocrx_word' id='word_1_13' title='bbox 615 232 1116 293; x_wconf 85' lang='lat' dir='ltr'>socios‚semiustaque</span> <span class='ocrx_word' id='word_1_14' title='bbox 1134 239 1431 280; x_wconf 71' lang='lat' dir='ltr'>servantho</span> 
     </span>
     <span class='ocr_line' id='line_1_4' title="bbox 133 297 1431 358; baseline -0.002 -13"><span class='ocrx_word' id='word_1_15' title='bbox 133 302 311 352; x_wconf 85' lang='lat' dir='ltr'>Busta;</span> <span class='ocrx_word' id='word_1_16' title='bbox 350 314 505 357; x_wconf 84' lang='lat' dir='ltr'>neque</span> <span class='ocrx_word' id='word_1_17' title='bbox 531 298 666 343; x_wconf 86' lang='lat' dir='ltr'>avelli</span> <span class='ocrx_word' id='word_1_18' title='bbox 694 306 912 358; x_wconf 85' lang='lat' dir='ltr'><strong>possunt,</strong></span> <span class='ocrx_word' id='word_1_19' title='bbox 941 314 1033 343; x_wconf 85' lang='lat' dir='ltr'>nox</span> <span class='ocrx_word' id='word_1_20' title='bbox 1059 297 1253 344; x_wconf 88' lang='lat' dir='ltr'>humida</span> <span class='ocrx_word' id='word_1_21' title='bbox 1279 302 1431 344; x_wconf 80' lang='lat' dir='ltr'>donec</span> 
     </span>
     <span class='ocr_line' id='line_1_5' title="bbox 133 363 1230 427; baseline -0.001 -16"><span class='ocrx_word' id='word_1_22' title='bbox 133 365 335 413; x_wconf 84' lang='lat' dir='ltr'>Invertit</span> <span class='ocrx_word' id='word_1_23' title='bbox 361 364 529 410; x_wconf 89' lang='lat' dir='ltr'>coelum</span> <span class='ocrx_word' id='word_1_24' title='bbox 558 364 708 410; x_wconf 85' lang='lat' dir='ltr'>stellis</span> <span class='ocrx_word' id='word_1_25' title='bbox 730 363 1022 424; x_wconf 79' lang='lat' dir='ltr'><strong>fulgentibus</strong></span> <span class='ocrx_word' id='word_1_26' title='bbox 1048 374 1230 427; x_wconf 85' lang='lat' dir='ltr'>aptum.</span> 
     </span>
    </p>

    <p class='ocr_par' dir='ltr' id='par_1_3' title="bbox 132 429 1434 1088">
     <span class='ocr_line' id='line_1_6' title="bbox 200 429 1367 491; baseline -0.002 -14"><span class='ocrx_word' id='word_1_27' title='bbox 200 432 303 477; x_wconf 90' lang='lat' dir='ltr'>Nec</span> <span class='ocrx_word' id='word_1_28' title='bbox 331 430 482 476; x_wconf 71' lang='lat' dir='ltr'>minus</span> <span class='ocrx_word' id='word_1_29' title='bbox 508 438 554 477; x_wconf 90' lang='lat' dir='ltr'>et</span> <span class='ocrx_word' id='word_1_30' title='bbox 582 429 737 475; x_wconf 71' lang='lat' dir='ltr'>miseri</span> <span class='ocrx_word' id='word_1_31' title='bbox 762 429 951 475; x_wconf 72' lang='lat' dir='ltr'>diversa</span> <span class='ocrx_word' id='word_1_32' title='bbox 978 431 1023 475; x_wconf 87' lang='lat' dir='ltr'>in</span> <span class='ocrx_word' id='word_1_33' title='bbox 1049 439 1180 491; x_wconf 77' lang='lat' dir='ltr'>parte</span> <span class='ocrx_word' id='word_1_34' title='bbox 1209 429 1367 476; x_wconf 89' lang='lat' dir='ltr'>Latini</span> 
     </span>
     <span class='ocr_line' id='line_1_7' title="bbox 133 498 1342 557; baseline -0.002 -13"><span class='ocrx_word' id='word_1_35' title='bbox 133 499 407 544; x_wconf 84' lang='lat' dir='ltr'>Innumeras</span> <span class='ocrx_word' id='word_1_36' title='bbox 432 505 640 541; x_wconf 86' lang='lat' dir='ltr'>struxere</span> <span class='ocrx_word' id='word_1_37' title='bbox 667 511 841 557; x_wconf 85' lang='lat' dir='ltr'>pyras;</span> <span class='ocrx_word' id='word_1_38' title='bbox 879 504 924 541; x_wconf 90' lang='lat' dir='ltr'>et</span> <span class='ocrx_word' id='word_1_39' title='bbox 950 512 1152 556; x_wconf 84' lang='lat' dir='ltr'>corpora</span> <span class='ocrx_word' id='word_1_40' title='bbox 1177 498 1342 556; x_wconf 90' lang='lat' dir='ltr'>partim</span> 
     </span>
     <span class='ocr_line' id='line_1_8' title="bbox 134 561 1430 624; baseline -0.001 -14"><span class='ocrx_word' id='word_1_41' title='bbox 134 565 293 611; x_wconf 87' lang='lat' dir='ltr'>Multa</span> <span class='ocrx_word' id='word_1_42' title='bbox 319 563 466 608; x_wconf 71' lang='lat' dir='ltr'>virum</span> <span class='ocrx_word' id='word_1_43' title='bbox 497 573 631 607; x_wconf 79' lang='lat' dir='ltr'>terrae</span> <span class='ocrx_word' id='word_1_44' title='bbox 659 561 920 613; x_wconf 77' lang='lat' dir='ltr'>infodiunt:</span> <span class='ocrx_word' id='word_1_45' title='bbox 961 572 1226 624; x_wconf 82' lang='lat' dir='ltr'>avectaque</span> <span class='ocrx_word' id='word_1_46' title='bbox 1253 562 1430 624; x_wconf 82' lang='lat' dir='ltr'>partim</span> 
     </span>
     <span class='ocr_line' id='line_1_9' title="bbox 134 627 1364 690; baseline -0.001 -13"><span class='ocrx_word' id='word_1_47' title='bbox 134 631 378 677; x_wconf 89' lang='lat' dir='ltr'>Finitimos</span> <span class='ocrx_word' id='word_1_48' title='bbox 404 629 578 674; x_wconf 86' lang='lat' dir='ltr'>tollunt</span> <span class='ocrx_word' id='word_1_49' title='bbox 603 629 648 672; x_wconf 88' lang='lat' dir='ltr'>in</span> <span class='ocrx_word' id='word_1_50' title='bbox 676 643 830 690; x_wconf 85' lang='lat' dir='ltr'>agros,</span> <span class='ocrx_word' id='word_1_51' title='bbox 859 627 1060 689; x_wconf 87' lang='lat' dir='ltr'>urbique</span> <span class='ocrx_word' id='word_1_52' title='bbox 1087 630 1364 676; x_wconf 83' lang='lat' dir='ltr'>remittunt:</span> 
     </span>
     <span class='ocr_line' id='line_1_10' title="bbox 135 694 1350 755; baseline -0.003 -11"><span class='ocrx_word' id='word_1_53' title='bbox 135 697 323 751; x_wconf 79' lang='lat' dir='ltr'>Cetera,</span> <span class='ocrx_word' id='word_1_54' title='bbox 349 694 652 755; x_wconf 84' lang='lat' dir='ltr'>confusaeque</span> <span class='ocrx_word' id='word_1_55' title='bbox 678 694 916 753; x_wconf 78' lang='lat' dir='ltr'>ingentem</span> <span class='ocrx_word' id='word_1_56' title='bbox 940 694 1087 740; x_wconf 84' lang='lat' dir='ltr'>caedis</span> <span class='ocrx_word' id='word_1_57' title='bbox 1112 711 1350 752; x_wconf 77' lang='lat' dir='ltr'>acervum,</span> 
     </span>
     <span class='ocr_line' id='line_1_11' title="bbox 132 760 1432 823; baseline -0.001 -14"><span class='ocrx_word' id='word_1_58' title='bbox 132 762 240 810; x_wconf 90' lang='lat' dir='ltr'>Nec</span> <span class='ocrx_word' id='word_1_59' title='bbox 265 778 460 808; x_wconf 87' lang='lat' dir='ltr'>numero</span> <span class='ocrx_word' id='word_1_60' title='bbox 479 777 567 807; x_wconf 88' lang='lat' dir='ltr'>nec</span> <span class='ocrx_word' id='word_1_61' title='bbox 595 762 772 807; x_wconf 85' lang='lat' dir='ltr'>honore</span> <span class='ocrx_word' id='word_1_62' title='bbox 793 769 1021 808; x_wconf 81' lang='lat' dir='ltr'>cremant.</span> <span class='ocrx_word' id='word_1_63' title='bbox 1056 761 1197 807; x_wconf 88' lang='lat' dir='ltr'>Tunc</span> <span class='ocrx_word' id='word_1_64' title='bbox 1223 760 1432 823; x_wconf 84' lang='lat' dir='ltr'>undique</span> 
     </span>
     <span class='ocr_line' id='line_1_12' title="bbox 135 827 1434 890; baseline -0.002 -14"><span class='ocrx_word' id='word_1_65' title='bbox 135 829 363 876; x_wconf 77' lang='lat' dir='ltr'>Certatim</span> <span class='ocrx_word' id='word_1_66' title='bbox 391 829 567 875; x_wconf 81' lang='lat' dir='ltr'><strong>crebris</strong></span> <span class='ocrx_word' id='word_1_67' title='bbox 593 828 833 875; x_wconf 83' lang='lat' dir='ltr'>collucent</span> <span class='ocrx_word' id='word_1_68' title='bbox 857 828 1045 890; x_wconf 84' lang='lat' dir='ltr'>ignibus</span> <span class='ocrx_word' id='word_1_69' title='bbox 1071 828 1192 889; x_wconf 84' lang='lat' dir='ltr'>agri.</span> <span class='ocrx_word' id='word_1_70' title='bbox 1293 827 1434 889; x_wconf 85' lang='lat' dir='ltr'>[vasti</span> 
     </span>
     <span class='ocr_line' id='line_1_13' title="bbox 132 894 1433 955; baseline -0.001 -13"><span class='ocrx_word' id='word_1_71' title='bbox 132 895 294 943; x_wconf 84' lang='lat' dir='ltr'>Tertia</span> <span class='ocrx_word' id='word_1_72' title='bbox 318 895 396 940; x_wconf 84' lang='lat' dir='ltr'>lux</span> <span class='ocrx_word' id='word_1_73' title='bbox 422 894 626 955; x_wconf 82' lang='lat' dir='ltr'>gelidam</span> <span class='ocrx_word' id='word_1_74' title='bbox 647 894 768 940; x_wconf 87' lang='lat' dir='ltr'>coelo</span> <span class='ocrx_word' id='word_1_75' title='bbox 788 895 1051 940; x_wconf 85' lang='lat' dir='ltr'>dimoverat</span> <span class='ocrx_word' id='word_1_76' title='bbox 1070 894 1310 946; x_wconf 64' lang='lat' dir='ltr'>umbram</span> <span class='ocrx_word' id='word_1_77' title='bbox 1338 899 1433 942; x_wconf 71' lang='lat'>210</span> 
     </span>
     <span class='ocr_line' id='line_1_14' title="bbox 134 960 1324 1010; baseline -0.003 -2"><span class='ocrx_word' id='word_1_78' title='bbox 134 963 397 1010; x_wconf 84' lang='lat' dir='ltr'>Moerentes</span> <span class='ocrx_word' id='word_1_79' title='bbox 423 962 572 1009; x_wconf 90' lang='lat' dir='ltr'>altum</span> <span class='ocrx_word' id='word_1_80' title='bbox 600 961 804 1007; x_wconf 83' lang='lat' dir='ltr'>cinerem</span> <span class='ocrx_word' id='word_1_81' title='bbox 831 971 877 1007; x_wconf 88' lang='lat' dir='ltr'>et</span> <span class='ocrx_word' id='word_1_82' title='bbox 900 960 1100 1007; x_wconf 87' lang='lat' dir='ltr'>confusa</span> <span class='ocrx_word' id='word_1_83' title='bbox 1126 960 1324 1005; x_wconf 86' lang='lat' dir='ltr'>ruebant</span> 
     </span>
     <span class='ocr_line' id='line_1_15' title="bbox 135 1027 1357 1088; baseline -0.002 -14"><span class='ocrx_word' id='word_1_84' title='bbox 135 1028 263 1076; x_wconf 86' lang='lat' dir='ltr'>Ossa</span> <span class='ocrx_word' id='word_1_85' title='bbox 282 1028 418 1084; x_wconf 88' lang='lat' dir='ltr'>focis,</span> <span class='ocrx_word' id='word_1_86' title='bbox 443 1027 702 1088; x_wconf 84' lang='lat' dir='ltr'>tepidoque</span> <span class='ocrx_word' id='word_1_87' title='bbox 725 1028 988 1073; x_wconf 85' lang='lat' dir='ltr'>onerabant</span> <span class='ocrx_word' id='word_1_88' title='bbox 1012 1043 1178 1088; x_wconf 81' lang='lat' dir='ltr'>aggere</span> <span class='ocrx_word' id='word_1_89' title='bbox 1203 1035 1357 1072; x_wconf 86' lang='lat' dir='ltr'>terrae.</span> 
     </span>
    </p>

    <p class='ocr_par' dir='ltr' id='par_1_4' title="bbox 132 1092 1433 1883">
     <span class='ocr_line' id='line_1_16' title="bbox 199 1092 1282 1156; baseline -0.004 -14"><span class='ocrx_word' id='word_1_90' title='bbox 199 1096 302 1142; x_wconf 88' lang='lat' dir='ltr'>Jam</span> <span class='ocrx_word' id='word_1_91' title='bbox 331 1094 439 1141; x_wconf 75' lang='lat' dir='ltr'>vero</span> <span class='ocrx_word' id='word_1_92' title='bbox 464 1094 508 1139; x_wconf 89' lang='lat' dir='ltr'>in</span> <span class='ocrx_word' id='word_1_93' title='bbox 539 1093 676 1140; x_wconf 77' lang='lat' dir='ltr'>tectis</span> <span class='ocrx_word' id='word_1_94' title='bbox 698 1092 958 1156; x_wconf 83' lang='lat' dir='ltr'>praedivitis</span> <span class='ocrx_word' id='word_1_95' title='bbox 986 1095 1102 1139; x_wconf 89' lang='lat' dir='ltr'>urbe</span> <span class='ocrx_word' id='word_1_96' title='bbox 1127 1092 1282 1139; x_wconf 84' lang='lat' dir='ltr'>Latini</span> 
     </span>
     <span class='ocr_line' id='line_1_17' title="bbox 134 1157 1418 1222; baseline -0.002 -15"><span class='ocrx_word' id='word_1_97' title='bbox 134 1161 414 1222; x_wconf 85' lang='lat' dir='ltr'>Praecipuus</span> <span class='ocrx_word' id='word_1_98' title='bbox 440 1160 614 1222; x_wconf 85' lang='lat' dir='ltr'>fragor,</span> <span class='ocrx_word' id='word_1_99' title='bbox 640 1170 687 1206; x_wconf 88' lang='lat' dir='ltr'>et</span> <span class='ocrx_word' id='word_1_100' title='bbox 713 1161 840 1221; x_wconf 84' lang='lat' dir='ltr'>longi</span> <span class='ocrx_word' id='word_1_101' title='bbox 876 1176 987 1222; x_wconf 85' lang='lat' dir='ltr'>pars</span> <span class='ocrx_word' id='word_1_102' title='bbox 1013 1159 1214 1205; x_wconf 84' lang='lat' dir='ltr'>maxima</span> <span class='ocrx_word' id='word_1_103' title='bbox 1242 1157 1418 1204; x_wconf 76' lang='lat' dir='ltr'>luctfis.</span> 
     </span>
     <span class='ocr_line' id='line_1_18' title="bbox 133 1226 1410 1289; baseline -0.002 -17"><span class='ocrx_word' id='word_1_104' title='bbox 133 1227 224 1273; x_wconf 73' lang='lat' dir='ltr'>Hic</span> <span class='ocrx_word' id='word_1_105' title='bbox 251 1235 442 1282; x_wconf 85' lang='lat' dir='ltr'>matres,</span> <span class='ocrx_word' id='word_1_106' title='bbox 470 1228 746 1289; x_wconf 73' lang='lat' dir='ltr'>miseraeque</span> <span class='ocrx_word' id='word_1_107' title='bbox 772 1243 932 1282; x_wconf 87' lang='lat' dir='ltr'>nurus,</span> <span class='ocrx_word' id='word_1_108' title='bbox 960 1226 1034 1271; x_wconf 76' lang='lat' dir='ltr'>hic</span> <span class='ocrx_word' id='word_1_109' title='bbox 1061 1241 1172 1271; x_wconf 84' lang='lat' dir='ltr'>cara</span> <span class='ocrx_word' id='word_1_110' title='bbox 1198 1240 1410 1270; x_wconf 84' lang='lat' dir='ltr'>sororum</span> 
     </span>
     <span class='ocr_line' id='line_1_19' title="bbox 134 1290 1367 1355; baseline -0.003 -15"><span class='ocrx_word' id='word_1_111' title='bbox 134 1294 340 1341; x_wconf 85' lang='lat' dir='ltr'>Pectora</span> <span class='ocrx_word' id='word_1_112' title='bbox 365 1293 664 1348; x_wconf 66' lang='lat' dir='ltr'>moerentum,</span> <span class='ocrx_word' id='word_1_113' title='bbox 691 1293 919 1355; x_wconf 86' lang='lat' dir='ltr'>puerique</span> <span class='ocrx_word' id='word_1_114' title='bbox 946 1290 1221 1353; x_wconf 79' lang='lat' dir='ltr'>parentibus</span> <span class='ocrx_word' id='word_1_115' title='bbox 1246 1291 1367 1346; x_wconf 76' lang='lat' dir='ltr'>orbi,</span> 
     </span>
     <span class='ocr_line' id='line_1_20' title="bbox 134 1357 1431 1419; baseline -0.001 -12"><span class='ocrx_word' id='word_1_116' title='bbox 134 1360 298 1407; x_wconf 87' lang='lat' dir='ltr'>Dirum</span> <span class='ocrx_word' id='word_1_117' title='bbox 326 1369 610 1407; x_wconf 84' lang='lat' dir='ltr'>execrantur</span> <span class='ocrx_word' id='word_1_118' title='bbox 635 1360 829 1415; x_wconf 87' lang='lat' dir='ltr'>bellum,</span> <span class='ocrx_word' id='word_1_119' title='bbox 853 1358 1104 1419; x_wconf 82' lang='lat' dir='ltr'>Turnique</span> <span class='ocrx_word' id='word_1_120' title='bbox 1131 1357 1431 1419; x_wconf 81' lang='lat' dir='ltr'>hymenaeos:</span> 
     </span>
     <span class='ocr_line' id='line_1_21' title="bbox 133 1423 1409 1488; baseline -0.004 -15"><span class='ocrx_word' id='word_1_121' title='bbox 133 1425 298 1488; x_wconf 88' lang='lat' dir='ltr'>Ipsum</span> <span class='ocrx_word' id='word_1_122' title='bbox 326 1430 482 1482; x_wconf 88' lang='lat' dir='ltr'>armis,</span> <span class='ocrx_word' id='word_1_123' title='bbox 508 1427 763 1488; x_wconf 83' lang='lat' dir='ltr'>ipsumque</span> <span class='ocrx_word' id='word_1_124' title='bbox 782 1425 956 1487; x_wconf 86' lang='lat' dir='ltr'>jubent</span> <span class='ocrx_word' id='word_1_125' title='bbox 981 1425 1231 1471; x_wconf 84' lang='lat' dir='ltr'>decernere</span> <span class='ocrx_word' id='word_1_126' title='bbox 1257 1423 1409 1478; x_wconf 87' lang='lat' dir='ltr'>serro;</span> 
     </span>
     <span class='ocr_line' id='line_1_22' title="bbox 134 1490 1433 1554; baseline 0 -15"><span class='ocrx_word' id='word_1_127' title='bbox 134 1494 232 1547; x_wconf 84' lang='lat' dir='ltr'>Qui</span> <span class='ocrx_word' id='word_1_128' title='bbox 258 1510 446 1554; x_wconf 86' lang='lat' dir='ltr'>regnum</span> <span class='ocrx_word' id='word_1_129' title='bbox 476 1493 625 1539; x_wconf 86' lang='lat' dir='ltr'>Italiae</span> <span class='ocrx_word' id='word_1_130' title='bbox 646 1501 690 1539; x_wconf 88' lang='lat' dir='ltr'>et</span> <span class='ocrx_word' id='word_1_131' title='bbox 712 1494 885 1554; x_wconf 89' lang='lat' dir='ltr'>primos</span> <span class='ocrx_word' id='word_1_132' title='bbox 900 1491 992 1539; x_wconf 90' lang='lat' dir='ltr'>sibi</span> <span class='ocrx_word' id='word_1_133' title='bbox 1017 1499 1186 1552; x_wconf 86' lang='lat' dir='ltr'>poscat</span> <span class='ocrx_word' id='word_1_134' title='bbox 1213 1490 1433 1539; x_wconf 86' lang='lat' dir='ltr'>honores.</span> 
     </span>
     <span class='ocr_line' id='line_1_23' title="bbox 133 1557 1411 1620; baseline -0.002 -16"><span class='ocrx_word' id='word_1_135' title='bbox 133 1559 356 1620; x_wconf 83' lang='lat' dir='ltr'>lngravat</span> <span class='ocrx_word' id='word_1_136' title='bbox 382 1562 486 1606; x_wconf 86' lang='lat' dir='ltr'>haec</span> <span class='ocrx_word' id='word_1_137' title='bbox 514 1576 662 1605; x_wconf 82' lang='lat' dir='ltr'>saevus</span> <span class='ocrx_word' id='word_1_138' title='bbox 691 1561 902 1605; x_wconf 86' lang='lat' dir='ltr'>Drances</span> <span class='ocrx_word' id='word_1_139' title='bbox 925 1575 936 1612; x_wconf 91' lang='grc'><strong>;</strong></span> <span class='ocrx_word' id='word_1_140' title='bbox 976 1558 1226 1618; x_wconf 89' lang='lat' dir='ltr'>solumque</span> <span class='ocrx_word' id='word_1_141' title='bbox 1252 1557 1411 1602; x_wconf 86' lang='lat' dir='ltr'>vocari</span> 
     </span>
     <span class='ocr_line' id='line_1_24' title="bbox 133 1624 1428 1686; baseline -0.001 -14"><span class='ocrx_word' id='word_1_142' title='bbox 133 1626 374 1682; x_wconf 82' lang='lat' dir='ltr'>Testatur,</span> <span class='ocrx_word' id='word_1_143' title='bbox 396 1627 549 1672; x_wconf 88' lang='lat' dir='ltr'>solum</span> <span class='ocrx_word' id='word_1_144' title='bbox 577 1625 711 1686; x_wconf 89' lang='lat' dir='ltr'>posci</span> <span class='ocrx_word' id='word_1_145' title='bbox 731 1625 776 1671; x_wconf 89' lang='lat' dir='ltr'>in</span> <span class='ocrx_word' id='word_1_146' title='bbox 801 1624 1060 1671; x_wconf 87' lang='lat' dir='ltr'>certamina</span> <span class='ocrx_word' id='word_1_147' title='bbox 1076 1625 1309 1670; x_wconf 89' lang='lat' dir='ltr'>Turnum.</span> <span class='ocrx_word' id='word_1_148' title='bbox 1338 1630 1428 1671; x_wconf 72' lang='lat'>221</span> 
     </span>
     <span class='ocr_line' id='line_1_25' title="bbox 133 1690 1235 1739; baseline -0.005 0"><span class='ocrx_word' id='word_1_149' title='bbox 133 1692 286 1739; x_wconf 89' lang='lat' dir='ltr'>Multa</span> <span class='ocrx_word' id='word_1_150' title='bbox 314 1693 453 1738; x_wconf 91' lang='lat' dir='ltr'>simul</span> <span class='ocrx_word' id='word_1_151' title='bbox 478 1690 641 1737; x_wconf 73' lang='lat' dir='ltr'>contra</span> <span class='ocrx_word' id='word_1_152' title='bbox 665 1691 809 1738; x_wconf 85' lang='lat' dir='ltr'>variis</span> <span class='ocrx_word' id='word_1_153' title='bbox 835 1691 1070 1736; x_wconf 90' lang='lat' dir='ltr'>sententia</span> <span class='ocrx_word' id='word_1_154' title='bbox 1092 1690 1235 1735; x_wconf 90' lang='lat' dir='ltr'>dictis</span> 
     </span>
     <span class='ocr_line' id='line_1_26' title="bbox 132 1756 1430 1818; baseline -0.005 -11"><span class='ocrx_word' id='word_1_155' title='bbox 132 1760 227 1808; x_wconf 87' lang='lat' dir='ltr'>Pro</span> <span class='ocrx_word' id='word_1_156' title='bbox 251 1759 435 1815; x_wconf 88' lang='lat' dir='ltr'>Turno,</span> <span class='ocrx_word' id='word_1_157' title='bbox 452 1767 499 1805; x_wconf 90' lang='lat' dir='ltr'>et</span> <span class='ocrx_word' id='word_1_158' title='bbox 520 1774 739 1818; x_wconf 79' lang='lat' dir='ltr'>magnum</span> <span class='ocrx_word' id='word_1_159' title='bbox 763 1757 933 1818; x_wconf 80' lang='lat' dir='ltr'>reginae</span> <span class='ocrx_word' id='word_1_160' title='bbox 955 1773 1123 1802; x_wconf 85' lang='lat' dir='ltr'>nomen</span> <span class='ocrx_word' id='word_1_161' title='bbox 1144 1756 1430 1803; x_wconf 83' lang='lat' dir='ltr'>obumbrat:</span> 
     </span>
     <span class='ocr_line' id='line_1_27' title="bbox 132 1821 1321 1883; baseline -0.003 -11"><span class='ocrx_word' id='word_1_162' title='bbox 132 1826 292 1872; x_wconf 89' lang='lat' dir='ltr'>Multa</span> <span class='ocrx_word' id='word_1_163' title='bbox 318 1825 464 1872; x_wconf 85' lang='lat' dir='ltr'>virum</span> <span class='ocrx_word' id='word_1_164' title='bbox 493 1825 675 1871; x_wconf 87' lang='lat' dir='ltr'>meritis</span> <span class='ocrx_word' id='word_1_165' title='bbox 701 1830 934 1871; x_wconf 78' lang='lat' dir='ltr'>sustentat</span> <span class='ocrx_word' id='word_1_166' title='bbox 959 1822 1088 1869; x_wconf 87' lang='lat' dir='ltr'>fama</span> <span class='ocrx_word' id='word_1_167' title='bbox 1114 1821 1321 1883; x_wconf 86' lang='lat' dir='ltr'>tropaeis.</span> 
     </span>
    </p>

    <p class='ocr_par' dir='ltr' id='par_1_5' title="bbox 131 1888 1432 2154">
     <span class='ocr_line' id='line_1_28' title="bbox 201 1888 1410 1952; baseline -0.004 -14"><span class='ocrx_word' id='word_1_168' title='bbox 201 1894 301 1938; x_wconf 84' lang='lat' dir='ltr'>Hos</span> <span class='ocrx_word' id='word_1_169' title='bbox 323 1893 446 1938; x_wconf 89' lang='lat' dir='ltr'>inter</span> <span class='ocrx_word' id='word_1_170' title='bbox 472 1900 648 1948; x_wconf 87' lang='lat' dir='ltr'>motus,</span> <span class='ocrx_word' id='word_1_171' title='bbox 679 1891 833 1937; x_wconf 90' lang='lat' dir='ltr'>medio</span> <span class='ocrx_word' id='word_1_172' title='bbox 859 1891 905 1936; x_wconf 91' lang='lat' dir='ltr'>in</span> <span class='ocrx_word' id='word_1_173' title='bbox 930 1889 1159 1952; x_wconf 84' lang='lat' dir='ltr'>flagrante</span> <span class='ocrx_word' id='word_1_174' title='bbox 1185 1888 1410 1944; x_wconf 84' lang='lat' dir='ltr'>tumultu,</span> 
     </span>
     <span class='ocr_line' id='line_1_29' title="bbox 133 1955 1301 2020; baseline -0.003 -16"><span class='ocrx_word' id='word_1_175' title='bbox 133 1959 261 2006; x_wconf 87' lang='lat' dir='ltr'>Ecce</span> <span class='ocrx_word' id='word_1_176' title='bbox 286 1960 431 2020; x_wconf 75' lang='lat' dir='ltr'>super</span> <span class='ocrx_word' id='word_1_177' title='bbox 453 1958 608 2004; x_wconf 83' lang='lat' dir='ltr'>moesti</span> <span class='ocrx_word' id='word_1_178' title='bbox 629 1958 796 2019; x_wconf 71' lang='lat' dir='ltr'>magua</span> <span class='ocrx_word' id='word_1_179' title='bbox 826 1956 1072 2003; x_wconf 85' lang='lat' dir='ltr'>Diomedis</span> <span class='ocrx_word' id='word_1_180' title='bbox 1098 1955 1158 2002; x_wconf 88' lang='lat' dir='ltr'>ab</span> <span class='ocrx_word' id='word_1_181' title='bbox 1186 1955 1301 2002; x_wconf 89' lang='lat' dir='ltr'>urbe</span> 
     </span>
     <span class='ocr_line' id='line_1_30' title="bbox 132 2022 1343 2088; baseline -0.005 -16"><span class='ocrx_word' id='word_1_182' title='bbox 132 2025 300 2086; x_wconf 84' lang='lat' dir='ltr'>Legati</span> <span class='ocrx_word' id='word_1_183' title='bbox 321 2041 550 2088; x_wconf 85' lang='lat' dir='ltr'>responsa</span> <span class='ocrx_word' id='word_1_184' title='bbox 574 2025 759 2071; x_wconf 85' lang='lat' dir='ltr'>ferunt:</span> <span class='ocrx_word' id='word_1_185' title='bbox 799 2024 910 2070; x_wconf 89' lang='lat' dir='ltr'>nihil</span> <span class='ocrx_word' id='word_1_186' title='bbox 935 2022 1157 2069; x_wconf 87' lang='lat' dir='ltr'>omnibus</span> <span class='ocrx_word' id='word_1_187' title='bbox 1182 2030 1343 2068; x_wconf 82' lang='lat' dir='ltr'>actum</span> 
     </span>
     <span class='ocr_line' id='line_1_31' title="bbox 131 2089 1432 2154; baseline -0.005 -16"><span class='ocrx_word' id='word_1_188' title='bbox 131 2091 395 2138; x_wconf 85' lang='lat' dir='ltr'>Tantorum</span> <span class='ocrx_word' id='word_1_189' title='bbox 421 2091 651 2154; x_wconf 86' lang='lat' dir='ltr'>impensis</span> <span class='ocrx_word' id='word_1_190' title='bbox 677 2107 898 2153; x_wconf 86' lang='lat' dir='ltr'>operum;</span> <span class='ocrx_word' id='word_1_191' title='bbox 928 2089 992 2136; x_wconf 85' lang='lat' dir='ltr'>nil</span> <span class='ocrx_word' id='word_1_192' title='bbox 1010 2089 1152 2145; x_wconf 85' lang='lat' dir='ltr'>dona,</span> <span class='ocrx_word' id='word_1_193' title='bbox 1174 2104 1327 2151; x_wconf 88' lang='lat' dir='ltr'>neque</span> <span class='ocrx_word' id='word_1_194' title='bbox 1348 2104 1432 2133; x_wconf 88' lang='lat' dir='ltr'>au-</span> 
     </span>
    </p>

    <p class='ocr_par' dir='ltr' id='par_1_6' title="bbox 132 2174 1430 2471">
     <span class='ocr_line' id='line_1_32' title="bbox 264 2174 384 2214; baseline 0 -10"><span class='ocrx_word' id='word_1_195' title='bbox 264 2174 384 2214; x_wconf 88' lang='lat' dir='ltr'>rum,</span> 
     </span>
     <span class='ocr_line' id='line_1_33' title="bbox 132 2222 1398 2285; baseline -0.001 -15"><span class='ocrx_word' id='word_1_196' title='bbox 132 2223 238 2270; x_wconf 88' lang='lat' dir='ltr'>Nec</span> <span class='ocrx_word' id='word_1_197' title='bbox 266 2241 462 2285; x_wconf 84' lang='lat' dir='ltr'>magnas</span> <span class='ocrx_word' id='word_1_198' title='bbox 489 2224 692 2270; x_wconf 90' lang='lat' dir='ltr'>valuisse</span> <span class='ocrx_word' id='word_1_199' title='bbox 718 2239 882 2285; x_wconf 78' lang='lat' dir='ltr'>preces</span> <span class='ocrx_word' id='word_1_200' title='bbox 905 2241 916 2278; x_wconf 89' lang='lat'>;</span> <span class='ocrx_word' id='word_1_201' title='bbox 954 2222 1040 2268; x_wconf 84' lang='lat' dir='ltr'>alia</span> <span class='ocrx_word' id='word_1_202' title='bbox 1065 2236 1194 2268; x_wconf 85' lang='lat' dir='ltr'>arma</span> <span class='ocrx_word' id='word_1_203' title='bbox 1223 2222 1398 2270; x_wconf 79' lang='lat' dir='ltr'>Latinis</span> 
     </span>
     <span class='ocr_line' id='line_1_34' title="bbox 133 2289 1430 2352; baseline -0.002 -17"><span class='ocrx_word' id='word_1_204' title='bbox 133 2291 422 2347; x_wconf 69' lang='lat' dir='ltr'>Quaerenda,</span> <span class='ocrx_word' id='word_1_205' title='bbox 440 2300 522 2337; x_wconf 91' lang='lat' dir='ltr'>aut</span> <span class='ocrx_word' id='word_1_206' title='bbox 539 2302 706 2352; x_wconf 85' lang='lat' dir='ltr'>pacem</span> <span class='ocrx_word' id='word_1_207' title='bbox 721 2291 933 2351; x_wconf 85' lang='lat' dir='ltr'>Trojano</span> <span class='ocrx_word' id='word_1_208' title='bbox 950 2289 1011 2336; x_wconf 91' lang='lat' dir='ltr'>ab</span> <span class='ocrx_word' id='word_1_209' title='bbox 1028 2304 1135 2350; x_wconf 85' lang='lat' dir='ltr'>rege</span> <span class='ocrx_word' id='word_1_210' title='bbox 1153 2289 1430 2350; x_wconf 85' lang='lat' dir='ltr'>petendam.</span> 
     </span>
     <span class='ocr_line' id='line_1_35' title="bbox 133 2356 1424 2419; baseline 0.002 -17"><span class='ocrx_word' id='word_1_211' title='bbox 133 2356 312 2404; x_wconf 83' lang='lat' dir='ltr'>Deficit</span> <span class='ocrx_word' id='word_1_212' title='bbox 336 2358 511 2417; x_wconf 83' lang='lat' dir='ltr'>ingenti</span> <span class='ocrx_word' id='word_1_213' title='bbox 536 2359 667 2404; x_wconf 85' lang='lat' dir='ltr'>luctu</span> <span class='ocrx_word' id='word_1_214' title='bbox 693 2374 775 2403; x_wconf 82' lang='lat' dir='ltr'>rex</span> <span class='ocrx_word' id='word_1_215' title='bbox 801 2358 903 2419; x_wconf 89' lang='lat' dir='ltr'>ipse</span> <span class='ocrx_word' id='word_1_216' title='bbox 931 2356 1145 2403; x_wconf 85' lang='lat' dir='ltr'>Latinus.</span> <span class='ocrx_word' id='word_1_217' title='bbox 1336 2362 1424 2405; x_wconf 75' lang='lat'>231</span> 
     </span>
     <span class='ocr_line' id='line_1_36' title="bbox 136 2422 1188 2471; baseline -0.003 -1"><span class='ocrx_word' id='word_1_218' title='bbox 136 2424 340 2471; x_wconf 83' lang='lat' dir='ltr'>Fatalem</span> <span class='ocrx_word' id='word_1_219' title='bbox 368 2425 558 2470; x_wconf 83' lang='lat' dir='ltr'>AEneam</span> <span class='ocrx_word' id='word_1_220' title='bbox 589 2424 838 2470; x_wconf 85' lang='lat' dir='ltr'>manifesto</span> <span class='ocrx_word' id='word_1_221' title='bbox 866 2423 1054 2469; x_wconf 82' lang='lat' dir='ltr'>numine</span> <span class='ocrx_word' id='word_1_222' title='bbox 1079 2422 1188 2469; x_wconf 80' lang='lat' dir='ltr'>ferri</span> 
     </span>
    </p>
   </div>
  </div>
 </body>
</html>
