1614 2694
554 90 850 125 BUCOLICA.
891 91 1011 125 ECL.
1050 89 1126 123 VI.
1433 82 1492 130 19

191 187 433 249 Agrestem
456 184 588 231 tenui
611 183 879 230 meditabor
902 184 1133 230 arundine
1160 184 1362 228 Musam.

191 252 303 299 Non
327 250 505 311 injussa
529 266 679 297 cauo:
714 250 752 295 si
776 250 881 311 quis
908 258 1067 295 tamen
1094 251 1196 294 haec
1224 264 1433 309 quoque,
1457 248 1494 293 si

319 317 427 379 quis

190 382 373 445 Captus
395 399 556 429 amore
577 383 724 442 legat3
749 392 795 428 te
819 391 1007 437 nostrae‚
1034 382 1173 436 Vare,
1200 380 1411 442 nifricae,
1436 388 1496 427 10

187 447 260 494 Te
276 465 442 495 nemus
457 465 594 495 omne
611 458 773 495 canet:
797 465 885 495 uec
902 448 1084 494 Phoebo
1102 447 1280 508 gratior
1298 447 1390 492 ulia
1406 456 1496 502 est,

188 513 349 569 Quam
374 515 459 561 sibi
484 532 593 578 quae
619 516 732 561 Vari
759 515 1049 576 praescripsit
1072 514 1247 576 pagina
1274 529 1462 559 nomen.

187 581 392 644 Pergite,
422 582 640 628 Pierides.
709 581 929 628 Cin-omis
953 590 1001 628 et
1027 580 1263 626 ‘Mnasilus
1288 580 1332 624 in
1357 588 1497 626 antro

189 647 396 694 Silenum
424 649 557 709 pueri
583 664 744 694 somno
771 647 932 693 videre
950 648 1208 707 jacentem,

187 712 412 760 Inflatum
440 716 660 760 hesterno
684 730 838 768 venas,
868 723 918 760 ut
944 729 1142 775 semper,
1168 713 1373 758 laccho:

187 780 320 827 Serta
347 781 727 843 procubtantum
757 781 898 839 capiti
927 781 1124 842 delapsa
1144 779 1406 840 jacebant:

187 846 250 893 Et
273 848 427 908 gravis
453 847 615 894 attrita
643 847 888 909 pendebat
915 847 1170 892 cantharus
1196 848 1326 892 ansa.

186 914 413 976 Aggressi
435 919 564 974 (nam
589 931 715 975 saepe
742 930 882 960 senex
908 930 992 975 spe
1018 914 1237 959 carminis
1263 913 1409 959 ambo

188 979 404 1039 Luserat)
430 981 653 1044 injiciunt
677 981 789 1042 ipsis
814 997 870 1026 ex
895 980 1084 1026 vincula
1108 980 1256 1025 sertis.

186 1046 340 1094 Addit
355 1065 399 1094 se
419 1049 612 1103 sociam,
635 1047 906 1108 timidisque
925 1046 1216 1108 supervenit,
1239 1048 1395 1109 AEgie:
1436 1054 1497 1094 20

185 1114 318 1175 AEgle
340 1114 578 1161 Naiadum
606 1114 955 1176 puicherrinia:
986 1113 1188 1174 jamque
1213 1114 1390 1160 videnti

186 1180 464 1236 Sanguineis
490 1181 692 1227 frontem
718 1180 861 1226 moris
886 1190 931 1226 et
958 1190 1172 1242 tempora
1196 1179 1364 1242 pingit.

186 1246 276 1294 Ille
299 1247 462 1294 dolum
488 1247 678 1295 ridens:
720 1248 830 1302 Quo
854 1247 1044 1293 vincula
1071 1247 1291 1293 nectitis?
1329 1246 1496 1308 iuquit.

187 1312 369 1361 Solvite
395 1331 486 1371 mc,
514 1315 675 1376 pueri:
715 1314 828 1360 satis
854 1321 925 1359 est
950 1315 1165 1375 potuisse
1191 1313 1354 1361 videri.

187 1379 424 1437 Carmina,
451 1398 559 1442 quae
578 1380 736 1436 vultis,
762 1381 1067 1441 cognoscite:
1107 1380 1313 1426 carmina
1335 1380 1495 1426 vobis:

186 1446 315 1493 Huic
341 1447 466 1493 aliud
494 1447 732 1493 mercedis
758 1447 861 1493 erit.
934 1447 1085 1493 Simul
1108 1446 1277 1508 incipit
1300 1447 1421 1509 ipse.

185 1511 313 1558 Turn
328 1513 494 1561 veroin
511 1529 756 1559 numerum
779 1513 1064 1574 Faunosque
1086 1513 1300 1574 ferasque
1318 1514 1497 1560 videres

186 1578 390 1637 Ludere,
417 1588 519 1627 tum
545 1579 719 1642 rigidas
746 1590 925 1625 motare
953 1580 1201 1626 cacumina
1230 1597 1450 1642 quercus.

185 1644 290 1693 Nec
315 1645 500 1693 tantum
526 1646 712 1693 Phoebo
737 1645 915 1707 gaudet
937 1647 1190 1693 Parnassia
1210 1663 1367 1708 rupes

186 1710 291 1759 Nec
309 1712 488 1760 tantum
503 1714 739 1775 Rhodope
757 1712 988 1759 mirantur
1002 1722 1049 1759 et
1064 1714 1270 1761 Ismarus
1284 1714 1496 1776 Orphea.

187 1778 410 1842 Namque
427 1780 648 1836 canebat,
663 1780 734 1827 uti
750 1795 973 1842 magnum
990 1780 1228 1842 perinane
1244 1791 1409 1828 coacta
1435 1788 1492 1829 31

188 1845 377 1893 Semina
414 1854 758 1910 terrarumque,
801 1846 1082 1910 animaeque,
1123 1847 1361 1909 marisque
1387 1848 1499 1894 fuis-

322 1921 444 1970 sent,

187 1979 250 2026 Et
273 1979 443 2043 liquidi
462 1980 599 2027 simul
624 1979 772 2042 ignis:
810 1987 861 2026 ut
887 1979 958 2025 his
983 1978 1181 2026 exordia
1204 1979 1366 2041 primis

189 2047 380 2103 Omnia,
407 2056 456 2094 et
480 2049 578 2108 ipse
604 2056 738 2093 tener
759 2046 924 2093 mundi
950 2047 1250 2093 concreverit
1273 2046 1421 2094 orbis.

187 2111 316 2160 Tum
343 2115 510 2160 durare
535 2114 707 2167 solum,
730 2121 777 2159 ct
803 2113 1072 2160 discludere
1098 2114 1254 2160 Nerea
1280 2113 1433 2160 Ponto

189 2179 417 2242 Coeperit‚
443 2189 490 2228 et
513 2197 669 2227 rerum
695 2179 924 2242 paulatim
949 2196 1134 2226 sumere
1158 2179 1352 2226 formas.

187 2246 392 2310 Jamque
412 2263 587 2294 novum
610 2255 662 2294 ut
678 2256 811 2294 terrae
831 2254 1055 2309 stupeant
1072 2247 1310 2293 lucescere
1330 2247 1498 2304 solem,

188 2313 349 2362 Altius
369 2322 514 2377 atque
540 2313 727 2370 cadant,
753 2313 989 2360 submotis
1015 2314 1238 2370 nubibus,
1264 2313 1457 2360 imbres.

189 2379 429 2444 Incipiam
450 2379 581 2428 silvae
607 2380 718 2428 curn
746 2380 949 2442 primurn
973 2397 1177 2443 surgere,
1201 2380 1410 2444 cunique

191 2444 315 2508 Rara
340 2465 423 2508 per
448 2447 633 2510 ignotos
659 2456 813 2493 errent
838 2447 1053 2493 animalia
1080 2455 1278 2493 montes..
1438 2456 1495 2494 -10

193 2512 316 2562 Hinc
342 2516 523 2578 lapides
550 2513 744 2576 Pyrrhae
760 2512 940 2578 JactOS,
971 2513 1186 2570 Saturnia
1212 2530 1369 2567 regna,
