1580 2686
531 44 822 79 GEORGICA.
885 42 992 78 ΜΒ.
1031 41 1118 75 111.
1417 32 1473 79 71

165 162 270 210 Nec
294 175 401 210 sum
418 159 563 207 animi
588 158 782 214 dubius,
802 160 954 206 verbis
975 177 1029 206 ea
1048 160 1236 206 vincere
1252 174 1480 220 magnum

165 227 325 283 Quam
343 227 417 282 sit,
443 234 492 273 et
507 227 719 287 angustis
741 227 868 272 hune
886 226 1060 272 addere
1078 227 1217 273 rebus
1233 226 1475 272 honorem.

165 295 261 341 Sed
290 310 361 340 me
386 293 604 339 Parnassi
628 292 817 338 deserta
842 308 925 366 petr
943 292 1092 338 ardua
1117 292 1269 339 dulcis
1382 298 1475 347 291

166 363 349 423 Raptat
372 376 522 406 amor.
549 359 729 407 Juvat
720 375 783 404 ire
802 358 950 420 jugis,
980 358 1075 420 qua
1110 359 1239 404 nulla
1259 359 1480 425 priorum

167 425 424 474 Castaliam
450 426 582 472 molli
607 426 870 472 devertitur
895 444 939 472 o
929 426 1046 471 bita
1073 424 1215 471 cliuo
1326 426 1478 487 [dum.

169 492 328 548 Nunc,
355 492 626 539 veneranda.
650 492 732 538 Pal
739 509 802 546 e5‚
833 509 938 554 mag,
928 508 1004 537 no
1040 507 1167 537 nunc
1203 508 1281 538 ore
1315 508 1482 538 sonan-

166 556 422 620 Incipiens,
444 559 644 606 stabulis
669 559 807 605 edico
834 559 881 604 in
907 558 1127 604 mollibus
1156 558 1348 603 herbam

169 626 374 687 Carpere
395 642 523 683 oves,
548 626 663 672 dum
685 642 796 672 mox
811 625 1039 672 frondosa
1054 624 1298 671 reducitur
1314 631 1453 670 aestas

167 692 232 739 Et
255 693 403 740 multa
427 692 594 739 duram
616 693 793 755 stipula
814 692 1089 754 filicumque
1110 690 1335 754 maniplis

168 759 386 806 Sternere
411 759 578 806 subter
603 759 817 815 humum,
845 760 1017 821 glacies
1037 775 1096 805 ne
1128 757 1300 819 frigida
1336 756 1482 803 laedat

169 825 319 872 Molle
367 843 534 889 pecus,
579 826 882 888 scabiemque
923 826 1056 881 ferat,
1101 833 1358 887 turpesque
1397 841 1483 887 po-

302 893 491 955 dagras.

168 958 303 1016 Post,
328 960 439 1006 hinc
465 959 891 1022 digressus,jubeo
916 958 1188 1006 frondentia
1207 957 1361 1019 capris
1386 964 1481 1004 300

166 1026 356 1073 Arbuta
380 1026 616 1083 sufficere,
642 1035 689 1074 et
713 1025 885 1073 fluvios
910 1027 1120 1089 praebere
1144 1033 1385 1080 recentes;

167 1092 230 1138 Et
253 1093 442 1140 stabula
460 1110 488 1140 a
512 1093 664 1140 ventis
690 1093 907 1157 hyberno
930 1109 1176 1156 opponere
1203 1092 1300 1139 Soli

166 1159 243 1206 Ad
269 1160 480 1207 medium
505 1177 736 1208 conversa
762 1160 912 1207 diem:
940 1162 1051 1207 cum
1072 1159 1275 1222 frigidus
1302 1159 1415 1204 olim

172 1230 282 1279 Jarn
305 1227 450 1285 cadit,
477 1236 786 1290 extremoque
811 1229 982 1274 irrorat
1006 1227 1246 1288 Aquarius
1273 1241 1411 1271 anno.

166 1297 257 1343 Hae
284 1310 477 1357 quoque
502 1311 596 1342 non
623 1296 739 1341 cura
765 1295 902 1341 nobis
927 1291 1105 1340 leviore
1136 1293 1346 1348 tuendae,

166 1362 272 1408 Nec
297 1361 452 1407 minor
476 1378 588 1407 usus
614 1362 727 1407 erit:
750 1361 964 1424 quamvis
992 1360 1179 1407 Milesia
1205 1375 1381 1421 magno

164 1427 355 1476 Vellera
380 1436 638 1483 mutentur,
664 1428 841 1491 Tyrios
866 1427 1056 1474 incocta
1080 1427 1296 1473 rubores.

168 1494 378 1543 Densior
402 1495 511 1542 hinc
535 1494 742 1551 soboles,
771 1495 884 1541 hinc
909 1494 1027 1556 largi
1053 1494 1194 1554 copia
1219 1493 1376 1540 lactis.

167 1560 327 1617 Quam
346 1562 497 1623 magis
519 1562 755 1608 exhausto
773 1561 1061 1624 spumaverit
1084 1561 1230 1607 ubere
1253 1560 1476 1612 mulcti-zu

165 1629 303 1676 Laeta.
327 1629 476 1689 magis
502 1628 676 1690 pressis
703 1629 966 1674 manabunt
990 1627 1183 1674 flumina
1209 1627 1445 1673 mammis.

163 1696 267 1742 Nec
291 1693 448 1741 minus
469 1694 649 1742 interea
674 1695 882 1742 barbas
871 1710 1140 1754 incanaque
1166 1703 1306 1740 ment
1299 1710 1326 1739 ι
1385 1698 1473 1739 311

163 1761 389 1825 Cinyphii
417 1761 621 1809 tondent
642 1761 776 1818 hirci,
803 1770 1025 1836 setasque
1050 1769 1324 1814 comantes;

165 1827 351 1877 Usum
339 1844 387 1874 ln
412 1838 680 1877 castrorum
705 1837 752 1876 et
778 1828 960 1874 miseris
985 1828 1220 1874 velamina
1245 1825 1412 1872 nautis.

164 1896 435 1943 Pascuntur
459 1896 570 1942 vero
599 1896 760 1953 silvas,
786 1902 834 1943 et
859 1911 1042 1941 summa
1069 1894 1247 1957 Lycaei‚

165 1962 524 2025 Horrentesque
549 1962 712 2018 rubos,
734 1971 782 2009 et
799 1969 1009 2009 amantes
1035 1963 1184 2007 ardua
1208 1960 1396 2006 dumos.

165 2032 329 2092 Atque
352 2028 468 2090 ipsae
494 2045 726 2076 memores
746 2029 948 2077 redeunt
967 2030 1013 2075 in
1038 2035 1181 2084 tecta,
1205 2041 1415 2087 suosque

166 2097 382 2151 Ducunt,
411 2105 460 2143 et
485 2095 681 2158 gravido
707 2104 933 2158 superant
957 2096 1033 2142 vix
1060 2097 1206 2141 ubere
1230 2094 1391 2140 limen.

164 2163 290 2224 Ergo
314 2163 443 2209 omni
468 2162 632 2210 studio
657 2162 860 2225 glaciem
880 2172 1143 2224 ventosque
1164 2162 1363 2216 nivales,

167 2229 279 2284 Quo
304 2229 459 2276 minus
484 2238 557 2277 est
579 2229 671 2276 illis
698 2246 826 2276 curae
852 2231 1063 2276 mortalis
1089 2237 1293 2288 egestas,

164 2297 395 2354 Avertes;
435 2297 716 2359 victumque
741 2296 862 2344 feres
887 2305 935 2344 et
959 2297 1115 2357 virgea
1137 2296 1272 2341 laetus
1385 2301 1481 2346 320

166 2362 373 2418 Pabula;
410 2380 500 2410 nec
525 2364 628 2411 tota
653 2364 849 2410 claudes
874 2362 1056 2410 soenilia
1082 2363 1266 2408 bruma.

166 2430 382 2486 Atvero,
410 2429 637 2494 Zephyris
663 2430 774 2477 cum
799 2431 907 2477 laeta
930 2430 1216 2476 vocantibus
1243 2439 1406 2485 ἰω-ως,

168 2496 380 2544 lnsaltus
398 2504 654 2560 utrumque
671 2513 861 2561 gregem
879 2505 1023 2560 atque
1041 2497 1085 2544 in
1104 2512 1282 2560 pascua
1303 2498 1423 2542 mitt*
1436 2504 1471 2544 t·
